4684 5830
923 291 1255 394 ⁸-1r-

245 530 326 595 νέων
354 531 598 597 subandiendum
628 535 689 610 ost,
715 533 899 608 othehem,
922 534 1000 598 nude
1020 534 1164 617 pendeat,
1192 549 1227 594 ex
1248 532 1497 626 antecedentibus
1519 531 1620 594 verbis
1643 529 1850 612 praedicatum
1873 535 1937 614 (δεῖ
1952 537 2013 600 adr

244 651 438 734 οαμοοέιηιι)
467 652 623 738 ἐξορίζειν.
665 653 858 734 Quamquam
890 653 943 716 uhi
970 653 1041 736 post
1061 651 1253 716 enuntiatum
1274 652 1456 733 primarium
1477 650 1647 714 accuratior
1669 650 1804 714 eiusdem
1828 651 2008 718 distributio

244 767 304 852 μὲν
326 761 385 836 οὖν
409 775 441 834 ot
463 772 500 838 δέ
518 772 568 834 vel
587 773 647 855 μέν
669 774 701 837 et
722 772 760 840 δέ
777 773 937 855 particulis
959 775 1041 836 inter
1062 791 1095 834 se
1119 771 1373 853 respondentibus
1396 769 1590 850 adiungitur,
1621 769 1649 832 si
1670 769 1718 832 his
1739 773 1886 836 memhris
1909 791 2005 856 neque

245 887 381 952 eiusdem
413 889 625 972 praedicatum
657 909 753 973 neque
786 910 898 957 nonum
931 910 1092 957 commune
1124 894 1172 956 est
1202 909 1300 974 nequo
1332 892 1453 971 utrique
1485 888 1652 971 particulae
1683 906 1796 953 novum
1829 892 2009 973 impertitur

244 1009 376 1074 alterum
395 1011 500 1086 alteri,
525 1011 579 1074 sed
600 1012 696 1094 priori
718 1011 800 1077 idem
822 1029 892 1076 cnm
916 1010 1072 1075 enuntiato
1095 1013 1257 1095 primario,
1279 1010 1442 1094 posteriori
1464 1027 1576 1072 novum
1600 1027 1635 1071 ac
1657 1009 1825 1090 peculiare,
1849 1010 1932 1075 velut
1953 1011 2005 1075 hie

245 1128 273 1190 si
295 1147 366 1192 nera
387 1147 437 1193 res
459 1131 550 1207 esset,
572 1133 642 1216 (τόν
663 1133 841 1215 copton-iano
863 1131 924 1213 δεῖ)
946 1131 1095 1209 astrigen
1117 1151 1145 1194 v.
1171 1133 1218 1206 lo,
1241 1147 1363 1194 summa
1384 1129 1495 1204 oritur,
1524 1146 1562 1190 ne
1582 1127 1683 1191 dicam
1710 1129 1898 1194 incredibilis
1923 1138 2005 1196 stru·

245 1251 348 1312 aurae
359 1247 538 1334 durities.³1)
562 1249 778 1316 Verumtamen
790 1251 848 1314 hoc
859 1249 982 1331 quidem
1006 1269 1065 1312 non
1081 1253 1186 1314 contre
1199 1247 1436 1313 Boeckhium
1451 1264 1568 1320 moneo,
1585 1247 1636 1309 sed
1653 1249 1757 1310 contra
1776 1247 2004 1324 Vahlenum,

244 1367 356 1446 utqui,
379 1370 520 1448 quamvis
542 1370 781 1434 Boeclrhium
804 1370 890 1451 sequi
914 1370 999 1442 velit,
1020 1370 1053 1431 in
1073 1371 1129 1433 hac
1150 1368 1346 1432 construendi
1367 1366 1485 1429 ratione
1507 1365 1577 1428 huic
1592 1383 1710 1447 quoque
1731 1367 1797 1430 loco
1812 1368 2000 1436 inculcanda.

245 1488 280 1549 ut
307 1485 367 1568 μὲν
397 1479 457 1552 οὖν
478 1490 573 1570 priori
596 1493 637 1573 (v.
660 1492 704 1574 4.)
728 1489 928 1572 respondeant
960 1489 1083 1552 demum
1109 1487 1170 1554 ἐπεὶ
1198 1487 1231 1554 δὲ
1254 1488 1287 1552 τό
1310 1488 1414 1572 λέγειν
1435 1515 1466 1552 κ.
1489 1514 1513 1551 ο.
1536 1495 1564 1548 λ.
1586 1507 1614 1551 v.
1640 1488 1678 1548 12
1700 1506 1775 1568 sqq..
1800 1488 1886 1550 valde
1908 1489 1945 1552 nh
1967 1508 2010 1552 eo·

243 1605 374 1681 recedet,
397 1609 554 1688 praeterea
573 1627 675 1672 rerum
697 1609 915 1672 obscoenarum
939 1609 1225 1672 exterminationem
1249 1609 1293 1670 ite
1313 1605 1504 1676 distribuere,
1527 1607 1562 1668 ut
1584 1606 1785 1668 eiuniorihus
1806 1609 2009 1690 potissimum·

245 1725 446 1788 exterminare
484 1727 527 1790 sit
561 1727 693 1792 alterum
733 1729 799 1792 eius
835 1728 1024 1801 membrum,
1061 1727 1193 1791 alterum
1229 1726 1319 1789 huius
1335 1759 1336 1768 ν
1353 1726 1432 1810 legis
1463 1726 1627 1789 violatores
1655 1725 1763 1807 punire
1787 1728 1892 1808 („man
1919 1745 2004 1790 muso

246 1843 510 1928 schlechterdings
533 1846 594 1909 alle
615 1845 835 1911 Ohscdnititen
857 1847 1037 1920 perhennem,
1060 1847 1164 1911 indem
1186 1865 1256 1910 man
1280 1847 1325 1910 sie
1348 1846 1507 1909 einerseits
1527 1844 1715 1908 nementlich
1739 1863 1794 1908 aus
1809 1845 1879 1910 dem
1894 1847 2004 1910 Krcise

245 1962 298 2026 der
324 1961 447 2044 Jugend
475 1965 635 2040 nerbannt,
666 1965 868 2030 andererseits
895 1984 981 2031 musa
1001 1983 1072 2030 man
1095 1966 1144 2028 die
1160 1965 1354 2028 heberti-etei·
1376 1983 1410 2028 so
1433 1964 1494 2028 und
1516 1983 1549 2028 so
1571 1963 1766 2048 bestialem),
1790 1983 1858 2030 meo
1881 1965 2008 2046 quidem·

243 2082 359 2146 iudicio
381 2083 447 2145 tem
469 2082 634 2147 absurdum
656 2088 712 2162 est,
735 2087 771 2149 ut
792 2105 830 2150 ne
843 2086 1036 2151 Vahlenus
1059 2085 1182 2166 quidem
1205 2085 1283 2147 serio
1307 2085 1364 2147 hoc
1378 2085 1537 2148 defendere
1552 2082 1640 2158 velle,
1661 2082 1713 2146 sed
1735 2084 1814 2148 mira
1829 2086 2004 2151 conluuione

243 2203 309 2266 ima
331 2202 462 2266 summis
483 2203 646 2266 miscuisse
668 2205 819 2287 putandus
844 2207 901 2269 sit:
931 2208 963 2269 at
985 2204 1204 2268 Boeelrhius
1232 2221 1302 2266 cum
1328 2203 1430 2285 potius
1454 2203 1554 2265 vertet
1576 2206 1628 2278 „et
1649 2204 1791 2286 prospici,
1812 2206 1848 2267 ut
1870 2205 2004 2300 maxime

236 2301 368 2404 'quidem
395 2321 623 2387 nihilomnino
648 2323 718 2387 inde
745 2342 764 2388 a
790 2327 894 2408 pueris
921 2327 1003 2390 cives
1031 2324 1136 2388 dicent
1159 2322 1207 2386 vel
1227 2323 1369 2397 audiant,
1391 2322 1439 2385 sin
1463 2323 1566 2385 autern
1589 2321 1657 2402 quis
1679 2321 1928 2404 deprehendatur,
1951 2326 2004 2406 qni

242 2445 376 2509 vetitum
403 2441 475 2526 qnid
502 2443 585 2506 diost
614 2444 668 2506 aut
693 2443 800 2520 l'aoisd,
823 2444 850 2507 is
872 2446 907 2509 ut
928 2445 1073 2528 puniatur
1094 2444 1171 2506 erce
1193 2441 1287 2514 unde,
1317 2457 1443 2522 quaeso,
1471 2440 1603 2522 sumpsit
1628 2441 1704 2504 illud
1728 2445 1779 2518 „et
1798 2443 1950 2524 prospiei‘
1973 2446 2004 2506 et

244 2583 303 2648 quo
329 2565 395 2627 iure
419 2563 564 2648 prolium
586 2561 710 2626 divellit
731 2563 768 2626 eh
791 2566 827 2630 ἑκ
849 2565 911 2630 τῶν
933 2565 1014 2629 νέων
1035 2560 1188 2641 simulque
1211 2561 1247 2625 ἐκ
1269 2559 1329 2624 τῶν
1352 2562 1432 2624 odon
1453 2557 1544 2634 „inde
1564 2577 1582 2620 a
1604 2563 1726 2642 pueris‘
1748 2561 1883 2626 reddidit
1905 2564 1936 2624 et
1958 2563 2004 2626 ita

244 2686 394 2762 reddidit,
423 2703 459 2748 ac
487 2684 515 2747 si
541 2701 601 2747 non
628 2683 700 2745 ante
722 2675 815 2765 decu,
843 2682 896 2746 sed
918 2686 989 2765 post
1010 2681 1088 2744 hanc
1110 2678 1356 2742 coniunctionem
1374 2697 1434 2742 une
1456 2680 1688 2763 compellam
1713 2681 1802 2744 verba
1823 2681 1879 2744 illa
1901 2685 2002 2744 essent

411 3044 456 3111 el)
475 3043 515 3098 ef.
541 3043 600 3111 lpse
621 3039 740 3108 exempla
764 3057 779 3093 a
805 3039 959 3094 Vahleno
989 3045 1017 3096 et
1034 3059 1051 3094 a
1068 3042 1224 3096 Bonitzio
1244 3040 1260 3093 l.
1280 3039 1298 3092 l.
1316 3057 1341 3108 p.
1362 3037 1443 3096 acob,
1461 3039 1566 3104 itaqu.
1585 3037 1675 3092 chrito.
1710 3040 1781 3094 Num
1799 3059 1866 3110 qnae
1884 3059 1944 3096 curn
1963 3041 2005 3096 his
2027 3099 2030 3108 ,

246 3130 397 3197 coniungit,
423 3126 621 3189 Bonitnius,
645 3125 784 3179 confundit
801 3125 990 3192 Vahlonus,
1017 3127 1050 3191 V,
1071 3129 1109 3180 12.
1132 3128 1339 3193 lelnaesqq.
1375 3122 1438 3176 Etlr.
1458 3123 1516 3176 Nic.
1537 3122 1583 3176 VI.
1603 3123 1626 3176 7.
1647 3125 1851 3198 lllla‚9sqq.
1887 3129 1953 3183 Xon.
1973 3127 2005 3182 do

242 3234 271 3270 re
290 3233 348 3285 equ.
368 3217 392 3271 6.
413 3217 446 3268 14
474 3215 552 3284 pleno
571 3213 638 3266 elius
656 3211 761 3278 generis
779 3217 849 3266 eunt.
871 3213 942 3266 Nam
960 3213 988 3267 in
1006 3213 1069 3266 nuh.
1090 3215 1105 3266 l.
1125 3214 1141 3266 l.
1163 3211 1250 3281 ιήνδι·
1267 3216 1363 3280 σοφίαν
1381 3209 1409 3260 ἔν
1428 3227 1454 3260 τε
1477 3215 1529 3261 rais-
1551 3215 1650 3276 τέχναις
1673 3217 1722 3266 ταῖς
1739 3211 1939 3279 ἀκριβεστάτοις
1956 3211 2002 3267 ra'e

241 3309 333 3368 τέχναι
358 3297 520 3368 ἀποδίδομεν
540 3336 547 3351 .
567 3335 573 3349 .
596 3340 602 3352 .
629 3297 748 3351 ἐνταῦθα
773 3299 822 3366 μὲν
846 3291 891 3352 οὖν
915 3297 997 3353 σιἰθὲν
1020 3296 1086 3354 ἄλλο
1110 3304 1280 3368 σημαίνοντες
1306 3293 1354 3364 τήν
1378 3301 1473 3363 σοφίαν
1496 3291 1573 3360 ἢὸτι
1591 3295 1673 3365 ripert)
1697 3304 1784 3369 rigens
1802 3300 1869 3354 ἐστι’·
1890 3301 1959 3353 εἶναι
1978 3298 2009 3356 ‹h‘

242 3408 315 3444 τινας
340 3385 435 3457 comode
461 3382 574 3454 οἰόμεθα
592 3380 659 3440 tlon
678 3383 708 3438 οὕ
727 3383 794 3437 noro?
815 3389 894 3454 pipat
912 3381 966 3438 οὐδ’
987 3381 1051 3439 illo
1065 3405 1091 3439 τι
1110 3386 1206 3455 coperia
1223 3401 1270 3454 pro
1290 3379 1339 3448 τήν
1356 3377 1384 3434 δὲ
1402 3386 1499 3449 σσφιάν
1518 3381 1546 3433 ἐν
1561 3384 1611 3450 μὲν
1628 3377 1674 3438 οὖν
1693 3393 1749 3439 ταῖς
1769 3385 2000 3452 replere-duode-

242 3475 322 3545 δομεν
340 3512 347 3528 .
364 3515 372 3532 .
392 3514 399 3529 .
425 3473 545 3527 ἐνταῦθα
564 3469 763 3527 οὐθὲν-ἐστι’·
788 3471 857 3526 οἶνοι
881 3467 909 3525 δὲ
927 3493 950 3525 ν.
970 3493 992 3525 τ.
1011 3471 1044 3532 L,
1069 3473 1139 3542 apud
1158 3470 1360 3539 Xenophontem
1383 3465 1506 3519 similiter
1532 3464 1665 3524 διδάσκων
1683 3468 1724 3524 δεῖ
1739 3468 1782 3526 ὅτι
1801 3472 1830 3528 οὐ
1849 3472 1921 3527 δεινά
1941 3474 2003 3536 ἐστι,

241 3563 359 3633 μάλιστα
381 3563 429 3628 μὲν
453 3552 499 3615 οἶν
525 3561 599 3627 1ἵππῳ
623 3553 766 3626 οἰκαρδίῳ·
785 3553 811 3610 er'
833 3555 861 3610 rie*
878 3557 915 3627 μή
936 3576 983 3628 pro
1004 3557 1137 3613 διδάσκειν
1157 3561 1206 3628 μὲν
1227 3549 1438 3611 advisitaret
1458 3547 1531 3605 δεινά
1550 3552 1613 3618 ἐστι,
1630 3557 1749 3626 μάλιστα
1768 3561 1842 3627 ’ν’ππῳ
1862 3559 2002 3629 silancian-

241 3647 268 3705 σι’
288 3647 316 3702 rii
334 3647 372 3718 μὴ
391 3647 494 3716 scripte
511 3651 589 3699 sunt:
614 3661 699 3713 neque
717 3661 793 3698 secus
811 3663 838 3698 se
856 3662 898 3698 ros
916 3645 998 3698 hahet
1016 3645 1097 3698 Polit.
1116 3646 1149 3706 V,
1178 3645 1215 3696 12.
1238 3642 1334 3698 larda,
1359 3641 1375 3692 9
1394 3656 1450 3708 sqq.
1469 3649 1532 3708 papst
1550 3639 1601 3709 peip
1619 3647 1706 3700 αἴτιον
1725 3646 1793 3700 εἶναι
1813 3645 1841 3701 ni
1857 3646 1896 3717 μή
1914 3653 2005 3714 μένειν

242 3733 317 3792 ondin
341 3732 398 3788 ἀλλ’
420 3772 427 3786 .
448 3771 454 3784 .
475 3765 482 3782 ι
507 3731 589 3800 λέγων
611 3727 676 3785 ὅταν
694 3771 701 3784 .
720 3772 725 3784 .
745 3769 752 3782 .
769 3729 904 3790 caederer,
932 3733 1008 3786 tor'ro
1030 3733 1079 3800 μὲν
1104 3724 1149 3786 οἶν1
1174 3727 1240 3782 αὐτὸ
1262 3727 1342 3795 λέγων
1364 3728 1427 3780 ὶόονο
1445 3727 1580 3782 ostentari:
1602 3767 1607 3778 .
1628 3770 1634 3780 .
1656 3771 1663 3784 .
1686 3729 1741 3785 dil*
1762 3729 1830 3801 αὕτη
1851 3739 1877 3787 rr'
1893 3733 1926 3786 σῖν
1940 3733 2004 3790 ἴδιος

241 3827 282 3889 ein
300 3815 439 3890 perapsis*
460 3818 505 3886 τῆς
526 3815 567 3872 ὕπ’
588 3817 687 3871 ἐκείνοι·
707 3816 845 3885 λεγομένης
869 3815 1129 3886 earnemcarnem
1150 3858 1154 3867 .
1176 3857 1181 3868 .
1201 3859 1206 3867 .
1230 3815 1351 3874 arciorem
1376 3813 1501 3881 ‹prrouinm
1520 3815 1557 3868 ibi
1576 3835 1679 3886 quoqne
1695 3817 1752 3872 dii·
1773 3817 1839 3888 σῦτη
1862 3827 1924 3875 νίν,
1945 3845 1966 3876 τ.
1981 3833 2004 3877 t.

242 3923 296 3960 non
325 3906 411 3960 solum
440 3904 516 3958 reiro
538 3906 587 3972 μὲν
615 3895 660 3956 οὖν
678 3925 701 3954 ιι.
721 3923 745 3955 τ.
767 3903 789 3956 λ.
816 3905 916 3960 verbis.
944 3905 990 3958 sed
1014 3905 1093 3958 simul
1118 3903 1168 3956 toti
1194 3919 1298 3971 querque
1323 3900 1439 3952 membro
1458 3910 1521 3969 φησὶ
1541 3900 1592 3972 γορ
1610 3926 1633 3956 ν.
1654 3925 1676 3956 τ.
1695 3905 1717 3956 1.
1737 3907 1860 3975 opposita
1878 3912 1949 3970 sunt,
1969 3913 1999 3962 nt

240 3993 355 4061 scriptor
380 3993 404 4045 si
422 3991 562 4054 noluisset,
589 4007 668 4044 seusu
686 3991 754 4044 nihil
772 3994 876 4044 mutato
908 3993 989 4045 etiam
1013 3997 1075 4045 ante
1099 3989 1149 4060 γάρ
1175 3987 1277 4041 adicere
1293 3989 1344 4055 μὲν
1363 3989 1501 4056 potuisset.
1538 3991 1663 4044 Ceterum
1683 4007 1741 4046 moa
1759 3993 1854 4046 saltem
1873 4010 1953 4047 canen
1973 4000 2004 4049 nt

241 4078 419 4132 Vahlonus
438 4077 610 4130 haecomnia
629 4077 777 4130 cumularet
794 4094 847 4130 non
866 4095 931 4146 opns
950 4081 1021 4134 erat.
1045 4079 1127 4130 immo
1149 4077 1290 4129 maximam
1310 4079 1381 4130 corte
1401 4079 1503 4143 portem
1517 4075 1570 4128 iam
1589 4079 1667 4130 antea
1686 4078 1752 4130 satis
1771 4096 1802 4131 ee
1820 4097 2003 4148 cognotorum.

246 4163 277 4217 ld
306 4161 376 4231 quod
405 4179 455 4216 nrm
483 4162 578 4214 inutile
604 4166 645 4215 est
664 4179 784 4227 monere,
812 4180 872 4217 curn
897 4164 931 4216 ad
949 4164 1098 4232 exemplum
1119 4159 1193 4224 illud,
1212 4161 1281 4230 quod
1299 4161 1355 4214 Pol.
1376 4162 1407 4222 V,
1431 4162 1463 4214 1‘2
1481 4162 1589 4229 legitur,
1609 4164 1710 4231 placuit
1728 4165 1880 4220 Vahlcnc
1900 4165 2005 4224 adicere

242 4251 322 4303 haee:
348 4248 409 4310 ..nbi
428 4262 566 4316 perperam
585 4262 655 4300 nome
674 4241 720 4302 οὖν
738 4255 873 4304 notatur‘·.
910 4249 1052 4319 Perpetem
1071 4249 1189 4319 profecto
1209 4248 1265 4316 ipse
1283 4250 1372 4316 potins
1391 4249 1441 4302 hoo
1459 4248 1656 4312 animadvertit,
1676 4251 1700 4303 si
1717 4252 1820 4318 rprridsnr
1841 4253 1869 4306 in
1881 4257 2004 4324 prolego-

244 4335 328 4388 menis
345 4335 410 4388 meis
430 4351 471 4388 me
495 4349 611 4402 semper,
638 4333 682 4386 uhi
702 4337 839 4405 utriusque
857 4337 979 4390 lectionis
998 4354 1081 4406 eorpus
1098 4337 1166 4389 bona
1185 4335 1317 4388 sorrtontia
1337 4336 1387 4396 sit,
1407 4338 1539 4388 prunetum
1559 4336 1760 4390 translationem
1779 4355 1839 4392 curru
1858 4341 1897 4394 pp«
1918 4347 1946 4396 et
1962 4343 1997 4397 P'

240 4420 281 4474 vel
304 4421 388 4474 altero
418 4425 480 4472 utro
507 4419 601 4472 horum
627 4419 748 4474 codicum
773 4423 970 4492 conspirantem
995 4426 1148 4476 secuturum
1172 4439 1228 4476 esse
1252 4421 1418 4489 scripserim,
1447 4425 1581 4489 praeteroa
1609 4421 1739 4475 hocloco
1766 4424 1799 4478 nd
1817 4426 1927 4482 nlterem
1947 4430 2002 4499 ipse

234 4505 325 4560 'adieci
351 4505 430 4569 „fors
450 4510 548 4558 reete‘.
585 4505 751 4574 Quicmquam
775 4511 844 4562 onim
870 4527 941 4564 nuno
966 4511 1237 4575 Dittenhergern
1261 4505 1328 4560 illud
1353 4505 1381 4559 in
1406 4505 1596 4560 additamentis
1615 4524 1630 4560 a
1649 4511 1692 4559 11·ι
1715 4509 1810 4564 oblatis
1829 4531 1882 4568 non
1899 4532 2006 4585 senrper

242 4597 314 4647 racto
341 4593 398 4646 lieri
425 4609 500 4660 poseo
518 4609 597 4660 supra
615 4595 733 4645 concessi
751 4599 778 4648 ot
795 4595 846 4650 hoc
864 4598 922 4650 loco
938 4615 979 4650 me
998 4597 1097 4650 neurini
1116 4596 1241 4652 invidero.
1260 4594 1284 4646 si
1301 4585 1350 4648 οὖν
1367 4592 1657 4652 adconmodatum
1675 4596 1703 4649 in
1723 4596 1838 4652 editione
1856 4601 1898 4654 his
1916 4603 2002 4656 verbis

240 4677 352 4732 adiectis
380 4679 545 4746 significavi,
575 4683 664 4732 tamen
692 4679 757 4732 hene
781 4680 851 4733 hund
878 4682 957 4735 dnhio
982 4683 1078 4751 recipi.
1097 4683 1162 4736 hene
1181 4682 1271 4734 abesse
1289 4679 1421 4748 particula
1439 4684 1535 4748 potest.
1572 4681 1805 4738 Verunrenimvero
1823 4687 1928 4755 saepius
1946 4689 2001 4742 alto

239 4765 381 4834 supercilio
401 4781 468 4833 rpnee
487 4764 520 4817 ab
538 4764 598 4818 aliis
616 4769 726 4833 peccate
743 4769 784 4820 vol
797 4772 868 4822 reete
888 4769 929 4822 vol
950 4769 1036 4822 minus
1055 4774 1126 4823 recto
1146 4769 1170 4823 oi
1183 4768 1306 4822 videntur
1325 4764 1515 4833 reprehendere
1533 4767 1601 4820 solco
1614 4767 1790 4824 Vahlenns
1802 4789 1835 4826 ne
1849 4773 2000 4828 nominibus

240 4847 346 4920 qnidam
373 4867 479 4914 eornm,
510 4851 537 4904 in
564 4867 630 4921 rpnos
648 4850 764 4914 invehit,
792 4854 953 4908 memoratis.
990 4854 1063 4908 Idem
1088 4856 1110 4916 1,
1136 4857 1160 4908 2.
1182 4855 1277 4913 iasab,
1300 4853 1333 4906 27
1353 4867 1514 4919 quamquam
1530 4869 1601 4906 nunc
1621 4871 1724 4924 «proque
1742 4860 1840 4913 retinet
1857 4861 1998 4916 lectionem

240 4936 256 5006 η’
279 4933 322 5004 δή,
348 4936 418 4989 mihi
446 4937 499 4990 lem
526 4941 589 4992 ante
616 4937 665 4991 hos
689 4935 779 4991 docem
803 4955 885 4991 annuis
903 4939 1091 4995 Ressovius
1116 4941 1328 5008 (Bomarkamgen
1352 4936 1417 4989 uber
1442 4937 1529 5003 olnigo
1548 4939 1648 4995 Stollon
1673 4943 1720 4996 der
1737 4943 1817 4998 Polit.
1842 4945 1887 4999 des
1907 4948 1998 5008 nnat,

238 5024 340 5076 Virner.
359 5021 582 5078 MDCCCLXIV.
607 5041 632 5092 p.
657 5027 685 5091 4)
708 5024 843 5078 verissime
867 5024 973 5079 videtur
989 5027 1139 5096 scripsisse:
1168 5043 1213 5090 „oe
1240 5023 1345 5079 schoint
1364 5023 1416 5075 mir
1435 5023 1538 5078 kalnam
1556 5025 1663 5082 Zweilal
1680 5047 1711 5084 zu
1730 5033 1909 5102 unterliegeu,
1938 5033 1998 5088 dass

240 5107 427 5162 Schneider
451 5125 537 5176 gagen
555 5108 598 5162 die
616 5125 730 5164 nonereu
748 5111 933 5180 Heransgohor
950 5112 987 5164 irn
1005 5111 1094 5164 Recht
1111 5113 1156 5172 ist.
1183 5129 1256 5165 avenn
1277 5127 1306 5162 or
1324 5109 1419 5164 ernon
1438 5109 1514 5164 πόλις
1533 5107 1592 5182 ἤδη,
1614 5114 1699 5183 arione
1716 5119 1866 5172 schreibt-n
1888 5115 1937 5188 ἤδη
1955 5124 1995 5173 ost

239 5195 319 5250 lectio
339 5195 460 5249 codicum
478 5200 504 5247 1'
520 5195 565 5250 P.¹
1775 5276 1791 5328 3
