4670 5824
1001 343 1230 417 ..9-

233 554 401 642 ὀνομάτων
423 555 542 623 τούτων
562 555 792 640 διαφροντίζειν
812 551 930 638 ἥκιστα
952 559 1140 644 ἀναγκαῖον
1161 553 1214 637 δυ,
1239 556 1356 632 12621),
1379 558 1533 634 18--20,
1562 559 1595 622 in
1616 559 1726 640 quibus
1743 561 1913 625 orationem
1932 580 1993 626 non

233 673 392 740 cohaerere
413 675 498 752 dicit,
520 675 706 740 structuram
728 674 886 740 defendere
909 675 985 740 olim
1006 679 1134 744 conatus
1154 675 1275 761 summ)
1297 679 1329 741 et
1344 695 1412 742 eam
1433 677 1553 742 defendi
1566 695 1656 760 possa
1677 679 1772 744 etiam
1786 679 1877 746 hodie
1892 682 1992 748 medo.

232 793 314 858 reete
335 795 440 859 tamen
462 795 562 874 „nibil
582 797 660 870 εντ’,
680 794 781 878 iuquit
804 795 1081 880 „drapponn‘dnn“,
1104 801 1136 860 et
1154 815 1246 878 quam
1266 798 1426 880 proposuit
1446 797 1652 862 coniecturam
1667 805 1874 884 διικρριῖν)
1899 829 1993 886 φρον.

232 913 324 992 νέςιιν
342 913 485 978 omnibus
505 913 605 978 adhuc
623 914 791 998 propositis
812 915 912 980 multo
934 917 1138 998 praestantior
1159 918 1216 980 est.

398 1031 516 1098 Deinde
530 1033 564 1096 in
577 1035 853 1116 argumentatione,
875 1051 952 1116 quaa
966 1034 1081 1117 legitur
1096 1033 1129 1098 in
1150 1034 1252 1118 capito
1273 1035 1390 1108 serto,
1413 1031 1498 1100 ἀλλὰ
1517 1035 1646 1118 βελτίων
1669 1029 1743 1119 έρος
1762 1037 1796 1102 τὸ
1819 1038 1993 1122 σωφρόνως

232 1147 289 1215 neri
315 1149 500 1236 &terretqr'arq
520 1189 563 1202 -··
584 1149 646 1218 ἐπεὶ
673 1152 771 1235 μόναι
797 1153 828 1240 γ’
852 1151 934 1219 εἰσὶν
961 1149 1039 1236 ἕξεις
1064 1151 1176 1238 ἀρεταὶ
1205 1151 1301 1237 (vulg.
1323 1149 1456 1237 cinerei)
1482 1151 1548 1237 accpi
1577 1153 1633 1234 τὴν
1660 1155 1713 1234 τῆς
1733 1155 1849 1232 οὐσίας
1872 1159 1992 1243 χρῆσιν

231 1259 329 1336 οὗτοι
351 1264 432 1353 (οἷον
452 1270 552 1354 οὐσίᾳ
575 1271 684 1356 πράως
702 1270 762 1357 ,aba
783 1267 802 1352 ἢ
824 1271 976 1357 ἀνδρείως
997 1273 1143 1358 χρῆσθαι
1165 1272 1228 1339 οὐκ
1249 1268 1348 1354 ἔστιν,
1368 1269 1543 1358 σωφρόνως
1558 1269 1592 1338 δὲ
1614 1270 1670 1338 καὶ
1684 1275 1868 1360 ἐλευθερίως
1884 1271 1992 1362 ἔστιν),

231 1382 312 1454 ὥστε
341 1387 398 1455 καὶ
425 1390 484 1467 τὰς
513 1391 645 1476 χρήσεις
668 1392 857 1477 ἀναγκαῖον
886 1385 968 1458 εἶναι
996 1391 1062 1476 περὶ
1086 1391 1187 1473 αὐτὴν
1218 1390 1354 1474 ταύτας,
1382 1387 1497 1466 126511,
1520 1391 1562 1454 32
1584 1409 1660 1473 sqq„
1680 1393 1762 1455 recte
1784 1391 1863 1458 vidit
1880 1395 1993 1461 vitiose

231 1507 311 1584 inde,
332 1507 413 1590 quod
433 1527 467 1573 re
486 1509 634 1576 familiai
661 1511 690 1576 si
711 1511 789 1576 bene
808 1511 857 1575 uti
879 1511 1028 1588 uelimus,
1048 1509 1205 1574 moderate
1226 1509 1350 1572 tautum
1373 1509 1405 1571 et
1425 1506 1597 1572 liberaliter
1616 1507 1665 1570 uti
1685 1509 1849 1590 possimus,
1869 1529 1992 1595 prorsus

232 1625 315 1691 idem
335 1627 486 1708 concludi,
508 1629 576 1695 dico
592 1629 693 1694 nullos
709 1630 788 1696 alios
807 1649 874 1696 esse
889 1630 985 1696 bonos
1004 1647 1078 1694 usus
1097 1628 1143 1693 rei
1164 1626 1340 1692 familiaris:
1361 1628 1397 1690 at
1412 1625 1493 1707 quod
1514 1626 1709 1691 commendat
1724 1643 1752 1690 v.
1763 1627 1813 1691 35.
1829 1628 1993 1696 lectionem

232 1745 351 1830 αἱρετοὶ
375 1750 408 1812 et
428 1767 465 1812 er
493 1768 530 1813 ea
549 1749 647 1815 trabit
668 1769 697 1815 u.
719 1750 771 1814 37.
794 1749 960 1834 αἱρέσεις
987 1747 1222 1823 correctionem,
1251 1746 1364 1810 nubem
1396 1763 1450 1828 pro
1476 1745 1591 1810 Iunone
1612 1745 1789 1828 complexus
1811 1751 1868 1812 est
1911 1749 1994 1818 Nam
2077 1731 2079 1738 ’

232 1881 337 1932 revera
358 1863 480 1949 αἱρετοὶ
501 1885 587 1932 mara
608 1867 656 1932 est
677 1867 852 1932 coniectura
871 1867 975 1932 Petri
998 1866 1158 1942 Victori,
1189 1867 1221 1929 et
1241 1866 1300 1932 boo
1324 1865 1391 1928 loco
1415 1863 1586 1928 efontinm
1605 1865 1780 1931 nostorum
1798 1865 1941 1950 ratigiis
1962 1872 1994 1933 et

232 1983 341 2050 uatum
361 1985 466 2050 mendi
486 1971 519 2052 et
539 1986 692 2052 medicina
712 1987 884 2052 mmnsime
905 1987 1034 2070 possunt
1055 1985 1167 2068 deoegi,
1189 1984 1335 2065 quoniam
1353 2002 1409 2066 pro
1431 1985 1550 2070 χρῆσιν
1571 2003 1599 2048 r.
1613 1985 1663 2048 35.
1685 1983 1816 2048 offerrunt
1836 1980 1901 2070 ἕξιν
1922 2005 1993 2052 oum

232 2103 355 2172 vetusta
374 2103 575 2170 translatione
595 2105 643 2169 Μ·
670 2105 772 2182 etP1,
801 2103 881 2188 quod
902 2107 939 2169 ut
958 2103 1162 2170 falsissimum
1183 2107 1245 2180 est,
1272 2103 1318 2168 ita
1344 2103 1449 2167 amen
1470 2120 1526 2168 nos
1553 2102 1643 2167 docet
1663 2120 1717 2186 pro
1738 2102 1871 2188 χρήσεις
1892 2126 1919 2171 v.
1941 2109 1991 2172 37.

230 2238 337 2304 reapse
358 2217 461 2308 ἕξεις
482 2223 561 2289 illud
583 2243 650 2290 esse
671 2223 886 2309 reponendum,
909 2223 990 2307 qnod
1011 2242 1091 2290 nuuc
1111 2223 1212 2289 alieno
1233 2223 1301 2289 loce
1322 2241 1356 2288 se
1376 2223 1544 2288 insinuavit
1565 2223 1637 2287 ante
1657 2220 1767 2308 ἀρεταὶ
1788 2243 1817 2288 v.
1829 2225 1879 2290 35.
1909 2227 1994 2293 Olim

231 2339 328 2424 igitur·
348 2359 403 2424 pro
426 2345 510 2410 εἰσὶν
536 2343 645 2430 ἀρεταὶ
664 2379 706 2396 -··
733 2347 853 2429 χρῆσιν
874 2383 914 2394 -
936 2339 1014 2427 ἕξεις
1038 2342 1121 2408 mille
1141 2343 1292 2427 scriptum
1313 2343 1379 2407 erat
1400 2339 1481 2409 εἰσὶν
1510 2339 1619 2427 ἀρεταὶ
1641 2379 1681 2392 ··-
1702 2337 1767 2427 ἕξιν
1789 2379 1832 2394 -··
1852 2347 1993 2433 χρήσεις,

231 2459 340 2526 deiude
355 2465 477 2548 χρῆσιν
496 2465 529 2529 et
556 2459 633 2549 έειις
655 2463 904 2530 emendationum
924 2463 1008 2546 prior
1035 2463 1069 2526 in
1089 2461 1276 2527 recensionis
1304 2459 1446 2544 vulgatae
1466 2459 1666 2542 archetypum
1687 2462 1770 2524 recte
1791 2463 1932 2542 benedt,
1961 2468 1993 2531 in

231 2580 330 2644 ultera
357 2584 533 2649 recensione
561 2583 718 2668 neglecta,
744 2583 896 2666 posterior
916 2583 949 2646 in
969 2583 1132 2664 utramque
1152 2555 1377 2654 recensionem,¹
1401 2578 1455 2644 sed
1480 2578 1557 2644 falso
1579 2578 1647 2642 loco
1675 2583 1799 2664 recepta
1825 2585 1882 2648 est
1924 2586 1993 2651 lam

232 2697 380 2766 habemus
399 2702 712 2786 argumentationem,
741 2719 818 2784 quae
844 2701 911 2766 sola
934 2703 982 2765 cst
1003 2699 1042 2765 ad
1059 2701 1105 2765 rei
1124 2703 1267 2766 naturam
1285 2697 1529 2764 accommodata:
1557 2699 1688 2764 manes
1715 2699 1799 2765 enim
1826 2705 1993 2773 secundum

231 2819 603 2886 manlianorum
624 2817 701 2906 ἕξεις
723 2823 808 2898 sunt,
836 2819 909 2902 quia
929 2820 1026 2904 igitm
1043 2821 1075 2884 in
1102 2838 1135 2884 re
1155 2819 1304 2886 familiari
1331 2819 1407 2884 bene
1428 2818 1542 2884 utenda
1561 2819 1749 2903 parsimonia
1770 2823 1803 2886 et
1822 2821 1993 2892 liberalitas

231 2938 316 3004 solae
330 2941 446 3021 queunt
458 2941 617 3024 praestari,
640 2941 764 3006 medam
785 2939 868 3005 solae
889 2935 966 3026 ἕξεις
985 2940 1058 3004 eunt
1078 2939 1117 3005 ad
1136 2957 1203 3003 rem
1220 2937 1406 3004 familiarem
1426 2937 1624 3020 pertinentes,
1645 2939 1727 3002 certe
1747 2940 1827 3012 tales
1848 2937 1935 3030 ἕξεις,
1955 2947 1992 3010 (le

232 3057 342 3138 quibua
364 3059 441 3124 eolis
462 3060 520 3124 hoc
541 3059 608 3124 loco
631 3078 731 3124 sermo
754 3060 810 3134 est,
833 3058 975 3141 qualibus
996 3059 1126 3124 vianna
1147 3056 1294 3144 (ἀρεταὶ),
1313 3075 1373 3120 non
1395 3055 1537 3138 qualibus
1559 3056 1637 3120 uitia
1659 3059 1893 3126 constituantur.

398 3175 550 3244 Necnon
577 3177 694 3244 ibidem
725 3198 754 3243 v.
777 3179 828 3242 40.
863 3176 1032 3244 laudandus
1062 3179 1109 3242 est
1141 3175 1351 3258 Madvigius
1383 3175 1830 3264 ἀνομαλισθησομένην
1861 3201 1915 3264 pro
1948 3177 1991 3251 dv

230 3293 537 3382 ὁμολισθησομίνην
558 3297 702 3362 scribent.

397 3415 478 3480 Item
508 3415 541 3480 in
568 3415 635 3481 loco
661 3416 892 3500 corruptissimo
924 3416 956 3480 et
983 3417 1092 3480 uma
1124 3415 1301 3499 permultis,
1335 3415 1391 3478 sed
1424 3415 1514 3498 plane
1547 3415 1679 3484 feliciter
1712 3435 1732 3480 a
1766 3419 1861 3485 nullis
1892 3421 1992 3488 adiano

231 3534 362 3610 tanate,
385 3533 551 3621 αἱροῧυται
571 3534 632 3619 μὲν
653 3535 720 3623 γὰρ
741 3535 857 3610 πάντες
879 3534 1079 3622 ἐπάναγκες,
1106 3534 1173 3602 ἀλλ’
1197 3535 1235 3602 ἔτι
1256 3535 1314 3601 τοῦ
1333 3534 1458 3621 πρώτου
1480 3533 1668 3620 τιμήματος,
1697 3529 1765 3604 εἶτα
1783 3538 1880 3606 πάλιν
1901 3539 1991 3620 ἄνους

199 3639 202 3644 ¹
231 3655 271 3722 ὲν
298 3656 355 3722 τοῦ
379 3655 546 3740 δευτέρου,
574 3648 624 3722 εἶτ’
655 3656 694 3722 ἑτι
723 3657 786 3722 τῶν
817 3653 928 3740 τρίτων
955 3647 974 3734 ἢ
1000 3653 1173 3738 τετάρτων,
1201 3655 1239 3720 ἐκ
1265 3651 1299 3722 dd
1327 3655 1386 3720 τοῦ
1414 3653 1564 3739 τετάρτου
1583 3655 1661 3738 [niv
1689 3659 1859 3744 τετάρτων]
1880 3663 1991 3747 μόνοις

231 3773 415 3860 terdenam
441 3780 505 3849 τοῖς
531 3772 662 3857 πρώτοις
686 3772 744 3840 aad
771 3780 835 3849 τοῖς
864 3772 1034 3858 δευτέροις,
1062 3770 1177 3847 laeta,
1209 3771 1249 3835 14
1270 3789 1351 3853 sqq,
1379 3773 1440 3838 etsi
1461 3771 1575 3838 tustra
1596 3789 1668 3838 eum
1695 3777 1728 3838 et
1755 3775 1810 3841 ille
1831 3779 1863 3843 et
1884 3799 1940 3864 ego
1953 3783 1990 3866 19)

231 3891 394 3958 τοε111οετε
414 3909 520 3956 sumna
542 3893 657 3970 conati,
686 3893 791 3958 tamen
810 3891 876 3956 ueri
897 3889 1015 3973 aliquid
1034 3890 1113 3955 vidit
1137 3889 1185 3954 vir
1206 3890 1434 3972 ωροοίετὶωοε.
1477 3890 1543 3973 llgo
1565 3891 1648 3956 enim
1676 3891 1704 3956 si
1733 3895 1888 3978 ceteroqui
1914 3898 1990 3963 bens

231 4011 335 4077 locum
354 4027 559 4095 reparassem,
590 4029 651 4077 uon
672 4011 775 4077 solum
801 4009 984 4097 ἐπάναγκες
1001 4007 1072 4076 ἀλλ’
1104 4029 1133 4074 v.
1154 4010 1202 4072 15.
1225 4008 1399 4084 exturbare,
1427 4027 1532 4074 verum
1562 4009 1657 4074 simul
1683 4013 1765 4076 certe
1785 4015 1835 4098 ριέ
1856 4019 1927 4081 anta
1953 4021 1990 4085 a..

230 4132 291 4198 τοῦ
310 4131 434 4217 andron
455 4130 588 4196 maerere
611 4130 772 4208 debebam,
791 4131 830 4194 nt
850 4123 941 4206 ἴσους
962 4150 990 4195 v.
1015 4129 1064 4193 16.
1086 4129 1250 4212 acciperet,
1271 4145 1331 4211 quo
1349 4129 1530 4194 referretur:
1558 4127 1769 4214 Madvigius
1790 4133 1892 4200 solum
1918 4137 1987 4204 ἀλλ’

230 4247 311 4314 illud
339 4249 556 4315 secludendum
582 4251 637 4314 ant
666 4267 721 4333 pro
750 4265 786 4314 eo
807 4249 831 4316 t'
855 4248 892 4314 de
919 4247 1057 4313 Mureti
1084 4247 1259 4312 mniectnra
1283 4247 1493 4330 recipiendum
1515 4266 1582 4313 esse
1608 4249 1693 4316 ratus
1715 4250 1793 4316 sone
1814 4255 1930 4336 potuit,
1957 4258 1990 4323 id

231 4369 314 4451 quod
334 4367 449 4434 dudum
468 4371 591 4436 monuit
617 4367 909 4454 spangelinaw),
935 4355 1052 4453 nont,
1079 4367 1134 4432 sed
1156 4368 1203 4452 ριέ
1233 4384 1340 4431 vnum
1359 4385 1426 4432 ease
1448 4385 1626 4432 numerum:
1651 4387 1757 4452 reapse
1786 4375 1891 4440 maren
1918 4378 1986 4444 ἀλλ’

231 4487 299 4552 loco
321 4487 442 4553 uidetur
463 4507 530 4553 esse
551 4486 751 4564 mouendum,
780 4488 846 4551 sive
867 4487 948 4550 nihil
968 4487 1031 4551 nisi
1051 4487 1136 4551 vana
1157 4486 1251 4550 lentio
1274 4485 1350 4550 olirn
1370 4486 1431 4550 fnit
1451 4487 1490 4552 ad
1511 4487 1592 4570 πλὴν
1614 4507 1642 4552 ι.
1668 4487 1715 4552 17.
1737 4493 1893 4572 pertinens
1914 4498 1988 4571 sive,

402 4801 445 4862 18)
463 4797 568 4859 Quaere.
587 4797 642 4846 crit.
661 4795 692 4845 de
711 4793 791 4846 Arist.
810 4793 868 4848 Pol.
887 4794 930 4844 lib.
950 4793 971 4843 L
990 4803 1015 4844 et
1033 4793 1068 4845 11.
1087 4794 1194 4860 append.
1219 4811 1243 4860 p.
1264 4797 1303 4844 ll.
1339 4794 1422 4846 Paulo
1445 4803 1520 4846 antea
1538 4811 1562 4845 r.
1576 4802 1613 4846 lt.
1632 4800 1769 4849 sermatiae
1787 4799 1987 4868 Gouriuglus

229 4877 262 4938 εἰ
277 4899 323 4948 pro
340 4878 359 4950 ἦ
377 4884 520 4934 coniectans
541 4897 591 4932 nou
605 4880 708 4945 linguae
725 4879 855 4940 antefecit,
879 4887 1032 4945 quapropter
1048 4894 1097 4944 ego
1115 4873 1147 4931 ei
1166 4875 1211 4932 ab
1229 4880 1275 4934 ἵνα
1298 4880 1499 4949 <ονμβαέιιι>
1519 4882 1580 4932 olim
1598 4885 1717 4949 seriptum
1735 4884 1811 4935 fnisse
1828 4888 1985 4939 crediderim:

229 4987 290 5022 nam
310 4972 432 5022 sententia
450 4977 536 5036 aperte
554 4969 617 5020 baec
634 4978 685 5018 cst:
704 4967 785 5026 „alter
802 4967 856 5016 sine
875 4966 954 5016 altero
971 4967 1054 5016 virere
1067 4968 1178 5032 nequire.

400 5060 445 5124 19)
463 5058 504 5108 De
524 5057 630 5107 Aristar.
650 5054 706 5105 Pol.
722 5053 765 5104 llb.
783 5053 805 5102 1.
823 5063 849 5103 et
866 5051 902 5102 11.
923 5067 965 5116 qn.
985 5053 1039 5102 crit.
1057 5069 1081 5117 p.
1105 5057 1135 5100 la
1152 5067 1207 5117 sqq.
1226 5052 1259 5104 af.
1273 5053 1391 5120 Appenni.
1405 5069 1430 5118 p.
1452 5059 1490 5104 14.

397 5149 445 5208 20)
463 5142 656 5196 Aristotelirclre
678 5140 783 5191 Studien
806 5138 856 5188 111.
881 5138 1000 5188 Monarlr.
1023 5137 1315 5204 Mucccuxvl11.p.
1338 5145 1377 5188 13.
1397 5141 1436 5203 (in
1460 5139 1556 5190 comm.
1579 5141 1659 5192 Acnd.
1680 5141 1781 5192 Monac.
1800 5143 1986 5212 philosophico·

228 5229 319 5300 philol.
337 5231 385 5282 XI.
405 5247 429 5295 p,
450 5231 504 5294 ot.)

1764 5328 1778 5372 2
