4670 5824
1097 315 1351 392 ...10-

339 531 412 595 talis
441 533 544 596 autem
572 529 690 612 ellipsis
720 529 768 594 vel
797 531 829 594 in
851 531 1021 596 Aristotele
1048 529 1150 595 nescio
1181 473 1225 595 ari
1248 533 1342 597 nimis
1372 531 1447 596 dura
1474 532 1526 596 ait.
1570 531 1677 616 Neque
1705 531 1805 614 priore
1835 534 1901 595 loco
1929 530 2042 606 13211,
2066 530 2104 593 16

339 669 415 733 sqq,
438 648 494 718 xci
519 649 598 717 τοῦτ’
623 647 709 716 ε’στίν
732 649 961 737 ὑπογυιότατον
983 649 1060 737 πρὸς
1081 650 1292 736 αὐτάρκειαν,
1315 650 1350 718 δι’
1373 643 1413 730 ἢν
1428 653 1583 718 δοκοῦσιν
1598 655 1641 729 εἰς
1654 649 1734 738 μίαν
1750 649 1909 719 πολιτείαν
1925 656 2106 752 συνελθεῖν,

338 772 366 835 si
388 771 546 837 πολιτείαν
568 768 696 834 verbum
716 787 837 832 summa
858 767 1039 833 difficultate
1067 769 1204 834 laborare
1231 770 1388 846 contendo,
1418 788 1533 847 vereor,
1561 789 1599 834 ne
1621 770 1702 835 mihi
1723 770 1886 853 quisquam
1915 769 2106 850 obloquatur.

340 889 422 969 Quid
445 889 527 952 euim
548 887 725 972 significat?
762 889 882 960 Utrum,
904 889 940 952 ut
962 889 1149 970 plerumque,
1170 889 1302 952 formam
1323 889 1509 972 reipublicae
1532 889 1794 954 administrandae
1815 908 1863 968 au,
1885 885 2108 964 1111111111-

340 1008 521 1072 versitatem
542 1007 681 1073 civium?
716 1009 797 1072 Nem
819 1025 948 1090 quamm
969 1011 1128 1100 praetcrea
1149 1007 1411 1092 significationum
1434 1026 1528 1092 capax
1543 1011 1600 1084 est,
1623 1027 1730 1074 omnes
1745 1009 1783 1074 ab
1797 1010 1856 1073 hoc
1871 1009 1938 1074 loco
1953 1005 2108 1070 adaunei-

339 1145 407 1192 mas
430 1145 496 1191 esse
517 1146 606 1193 nemo
629 1129 764 1212 negabit.
808 1129 852 1191 At
872 1127 1007 1210 primum
1028 1145 1126 1210 neque
1153 1127 1186 1190 in
1208 1146 1301 1192 unam
1333 1127 1519 1210 reipublicae
1545 1127 1677 1192 formam
1706 1145 1804 1210 neque
1824 1127 1857 1193 in
1878 1145 1972 1192 unam
1994 1126 2110 1190 civium

339 1247 572 1312 universitatem
594 1249 692 1312 ociose
713 1249 795 1313 eines
818 1247 894 1310 satis
916 1247 999 1310 reete
1020 1265 1074 1329 per
1096 1247 1246 1310 sermonis
1260 1246 1420 1323 rationem,
1443 1247 1505 1310 nisi
1519 1246 1619 1325 tallor,
1641 1246 1703 1311 diei
1724 1246 1807 1322 licet,
1832 1246 1940 1312 deinde
1954 1247 1991 1310 ut
2005 1245 2108 1314 liceat.

340 1369 444 1431 tamen
467 1384 564 1446 neque
586 1368 661 1430 haee
683 1385 780 1448 neque
803 1367 858 1430 illa
880 1366 919 1430 ab
940 1365 1109 1430 Aristotele
1130 1383 1261 1447 usquam
1284 1368 1410 1431 uocatur
1432 1385 1489 1430 noe
1505 1366 1603 1444 rideo,
1626 1364 1778 1449 quomodo
1802 1369 1893 1447 queat
1921 1365 2024 1431 vocari
2044 1363 2108 1428 ribi

340 1487 401 1570 ipsi
422 1486 586 1561 sufficiens,
609 1485 663 1549 sed
686 1503 720 1549 eo
741 1485 862 1568 saepius
885 1485 1010 1549 vocatur
1032 1485 1151 1561 civitas,
1174 1484 1304 1567 deniqne
1328 1485 1365 1550 de
1386 1486 1513 1551 civitate
1532 1486 1636 1568 potius
1658 1486 1717 1549 hoc
1737 1503 1857 1567 quoque
1880 1485 1948 1550 loco
1968 1484 2108 1568 philoso-

340 1607 436 1689 phum
459 1624 526 1669 csse
549 1605 688 1669 1061111111]
708 1605 835 1686 probare
856 1604 998 1669 videntur
1019 1621 1095 1687 quad
1110 1605 1303 1687 praecedunt,
1326 1605 1448 1690 σχεδὸν
1462 1604 1529 1693 γὰρ
1545 1605 1733 1692 ἀναγκαῖον
1748 1603 1869 1681 πιίσαις
1884 1610 1952 1680 ταῖς
1968 1603 2108 1670 πόλεσι

342 1727 382 1792 τὰ
402 1725 462 1811 μὲν
488 1725 642 1801 eieciebat
666 1722 705 1789 roi
728 1721 762 1790 di
784 1732 895 1791 πωλεῖν
914 1727 989 1811 πρὸς
1012 1725 1068 1806 τὴν
1089 1723 1238 1806 ἀλλήλων
1265 1724 1459 1811 ἀναγκαίαν
1481 1724 1595 1809 χρείαν
1621 1727 1663 1808 (v.
1688 1725 1835 1810 14-16),
1866 1725 1918 1788 bix
1945 1723 2028 1788 enim
2050 1721 2108 1786 du-

342 1845 417 1923 bito,
444 1845 518 1925 quin
547 1843 644 1908 totius
673 1843 764 1906 huius
791 1844 942 1908 enuntiati
969 1844 1122 1909 sententia
1149 1843 1212 1908 fere
1239 1844 1314 1909 haec
1335 1846 1393 1909 sit:
1421 1843 1552 1908 vendere
1581 1846 1737 1909 atemere
1763 1841 2108 1909 omnibuscivitatibus

341 1964 547 2028 necessarium
566 1965 598 2026 et
619 1962 753 2026 maxime
774 1962 898 2044 quidem
919 1963 958 2028 ad
977 1963 1010 2028 id
1028 1964 1133 2046 ipsum
1154 1963 1361 2028 necessarium
1384 1965 1440 2040 est,
1468 1964 1691 2048 propterquod
1713 1963 1838 2028 omnino
1860 1963 1892 2028 in
1914 1981 2008 2028 unam
2029 1959 2109 2025 ciri-

342 2083 440 2147 tatem
462 2082 528 2146 eius
550 2082 627 2147 socii
649 2082 795 2158 coienmt,
820 2082 859 2146 ad
881 2082 1088 2169 αὐτάρκειαν.
1132 2083 1217 2162 Quae
1237 2081 1265 2145 si
1286 2083 1369 2146 recte
1390 2081 1555 2166 disputavi,
1577 2083 1772 2148 scribendum
1794 2084 1842 2148 cst
1863 2084 1990 2150 πόλιν.

506 2201 575 2266 Iam
595 2220 647 2266 me
668 2202 753 2266 verto
775 2200 814 2264 ad
834 2201 948 2267 librum
970 2202 1156 2284 quintum.
1188 2201 1225 2265 In
1240 2201 1326 2266 cuius
1341 2202 1441 2285 capite
1461 2203 1586 2286 primo
1607 2203 1680 2286 post
1699 2203 1792 2267 verba
1812 2197 1890 2280 3111
1912 2199 2106 2281 σεασίαζνυ

343 2343 406 2386 σιν.
429 2317 477 2387 διὸ
499 2319 556 2388 καί
577 2323 613 2388 αἱ
636 2318 811 2406 μεταβολαί
833 2317 979 2408 γίνονται
997 2323 1107 2407 διχιιῖς,
1134 2322 1246 2398 13011),
1277 2322 1296 2384 5
1319 2339 1374 2402 sq,
1397 2323 1586 2387 utnuncse
1607 2322 1746 2387 membra
1768 2321 1932 2418 excipiunt,
1954 2319 2106 2396 nendilo,

343 2437 376 2500 id
395 2438 475 2520 quod
496 2440 620 2523 propter
642 2439 741 2523 διχῶς
761 2455 885 2521 prorsus
907 2440 1114 2504 necessarium
1141 2441 1197 2516 est,
1220 2438 1274 2504 sod
1293 2441 1437 2522 quattuor
1458 2440 1592 2505 rationes
1614 2442 1767 2517 secuntur,
1789 2438 1840 2507 1ιέ
1862 2437 2010 2528 μὲνγὰρ
2032 2437 2110 2526 πρὸς

341 2556 587 2638 τὴνπολιτείαν,
617 2553 701 2634 ὅπως
725 2559 761 2624 ἐκ
791 2557 844 2637 τῆς
869 2560 1111 2641 καθεστηκυίας
1138 2553 1241 2642 α’ίλλην
1268 2559 1513 2648 μεταστήσωσιν
1540 2591 1570 2628 κ.
1593 2589 1620 2628 τ.
1643 2571 1682 2646 λ,
1704 2580 1732 2625 v.
1756 2559 1870 2635 6-10,
1902 2557 1954 2627 bri
1977 2557 2010 2626 di
2032 2557 2109 2626 odoi

341 2676 418 2763 πρὸς
440 2676 495 2760 τὴν
517 2684 761 2760 καθεστηκυῖαν
781 2676 949 2760 πολιτείαν,
971 2677 1057 2744 ἀλλὰ
1082 2677 1138 2758 τὴν
1163 2675 1223 2763 priv
1245 2678 1450 2744 κατάστασιν
1477 2678 1701 2764 προαιροῦνται
1728 2677 1783 2758 τὴν
1808 2676 1920 2760 αὐτήν,
1943 2675 1979 2744 δι’
1999 2675 2108 2742 αὐτῶν

343 2797 369 2862 δ’
392 2789 472 2864 εἶναι
494 2798 664 2884 βούλονται
687 2795 804 2877 ταύτην
826 2827 857 2864 κ.
883 2825 908 2862 τ.
931 2803 971 2880 λζ,
994 2817 1021 2861 v.
1047 2797 1179 2872 10-13,
1203 2792 1243 2863 ἔτι
1265 2795 1331 2882 περὶ
1353 2796 1411 2863 τοῦ
1430 2797 1558 2883 μᾶλλον
1578 2794 1635 2863 καί
1657 2787 1749 2876 ἧττον
1771 2827 1802 2862 κ.
1819 2824 1844 2862 τ.
1860 2805 1901 2880 λ.,
1923 2795 2108 2872 11.13-17,

344 2908 386 2982 ἔτι
407 2913 483 3000 πρὸς
505 2915 539 2982 τὸ
561 2917 655 3001 μέρος
677 2945 703 2982 τι
728 2915 857 2995 κινῆσαι
882 2915 934 2994 τῆς
956 2914 1110 2992 πολιτείας
1132 2947 1162 2984 κ.
1185 2945 1210 2982 τ.
1233 2925 1321 3000 λ.,1.
1346 2915 1482 2978 l7m26.
1527 2916 1572 2979 At
1598 2915 1626 2979 si
1647 2914 1820 2980 accuratius
1848 2915 2108 2999 1111ρεῖ81111-

343 3049 422 3109 mur,
445 3032 538 3095 tertia
559 3033 591 3096 et
611 3033 719 3114 quarta
741 3031 904 3095 cohaerent
924 3050 994 3095 cum
1015 3032 1124 3114 prima,
1149 3033 1183 3096 ut
1205 3050 1282 3114 quae
1305 3051 1412 3097 omnes
1433 3035 1607 3116 pertineant
1632 3034 1671 3098 ad
1691 3035 1823 3099 formam
1844 3033 2029 3118 reipublicae
2050 3039 2108 3100 aut

342 3151 432 3235 plane
452 3151 632 3216 mutandam
650 3153 704 3214 aut
724 3149 941 3214 intendendam
962 3149 1075 3214 saltem
1096 3150 1146 3215 nel
1167 3149 1385 3214 remittendam
1408 3143 1442 3235 (ἢ
1461 3145 1514 3217 ίνιι
1533 3153 1731 3227 ἐπιταθῶσιν
1752 3145 1770 3233 ἢ
1793 3151 1967 3237 ἀνεθῶσιν,
1989 3171 2017 3216 v.
2043 3153 2109 3238 17.)

344 3271 546 3372 1111111111
568 3290 603 3335 er
625 3269 711 3353 parte
740 3268 927 3336 novandam:
950 3271 1132 3352 quapropter
1154 3269 1318 3334 secundam
1340 3273 1410 3352 post
1432 3269 1582 3352 quartem,
1604 3269 1636 3333 id
1657 3272 1707 3336 est
1727 3269 1776 3338 ὸιὲ
1799 3271 1827 3339 δ’
1850 3310 1885 3318 --
1907 3271 2107 3358 μοναρχίαν,

345 3411 374 3454 v.
400 3391 533 3466 10-13,
555 3389 625 3473 poet
645 3390 743 3476 ναύτῃ
774 3392 811 3476 νῇ
840 3387 980 3474 νιολιιείᾳ
1008 3388 1105 3473 (vulg.
1133 3391 1169 3476 νῇ
1198 3389 1335 3473 πολιτεία
1362 3389 1533 3476 1111111.
1559 3387 1609 3468 26,
1638 3389 1666 3453 si
1694 3389 1982 3472 transposuerimus,
2013 3391 2111 3456 simul

342 3507 545 3590 grammatice
562 3508 643 3571 inter
664 3525 697 3570 se
718 3507 834 3590 optime
856 3505 1079 3589 respondebunt
1101 3507 1240 3571 membra
1266 3507 1413 3589 primaria
1440 3507 1499 3572 duo
1528 3507 1589 3573 eibi
1615 3507 1749 3574 invicem
1773 3509 1915 3593 opposita
1941 3509 2108 3593 particulis

344 3623 395 3692 tvl
413 3624 474 3706 priv
496 3627 528 3690 01
549 3624 601 3694 ὁτὲ
622 3625 665 3694 di·
2001 3610 2006 3622 '

510 3744 600 3808 1111118
621 3745 712 3808 huius
738 3745 848 3828 capitis
867 3744 952 3808 locus
973 3743 1021 3812 διὸ
1042 3741 1099 3812 καί
1119 3745 1263 3832 μάλιστα
1285 3747 1343 3814 δύο
1364 3746 1511 3835 γίνονται
1533 3754 1693 3832 πολιτεῖαι,
1715 3749 1814 3833 δῆμος
1840 3744 1896 3814 καί
1917 3747 2108 3835 ὀλιγαρχία·

343 3867 487 3952 εὐγένεια
513 3861 580 3952 γὰρ
607 3859 662 3930 καί
692 3863 784 3948 ἁρετὴ
811 3865 845 3929 ε’ν
873 3862 1004 3950 ὀλίγοις,
1032 3865 1134 3930 ταῦτα
1160 3863 1186 3930 δ’
1217 3865 1251 3931 ἓν
1280 3865 1436 3931 πλείοσιν·
1465 3865 1603 3952 εὐγενεῖς
1629 3865 1697 3952 γὰρ
1724 3864 1780 3932 καί
1803 3864 1928 3953 α’γαθοί
1956 3867 2109 3952 οὐδαμοῦ

342 3985 469 4068 ἑκατόν,
492 3977 605 4069 ἄποροι
626 3980 659 4050 di
680 3979 787 4049 zotto}
809 3983 987 4066 πολλαχοῦ,
1005 3981 1116 4060 13011),
1138 3983 1179 4046 39
1196 3984 1336 4060 -13021,
1355 3986 1385 4061 2,
1407 3985 1467 4049 1111
1489 3983 1699 4048 emendatione
1721 3983 1849 4068 indiget,
1870 3987 1966 4050 miror
1988 3987 2108 4065 11111111,

342 4102 423 4186 qnod
440 4101 641 4166 Lambinus
663 4101 817 4168 τάναντία
838 4119 892 4184 pro
921 4103 1024 4168 ταῦτα
1050 4100 1211 4165 restituere
1238 4101 1269 4164 et
1289 4098 1344 4167 καί
1372 4101 1468 4168 κακοὶ
1491 4102 1562 4183 post
1582 4096 1694 4187 ἄπορα
1718 4100 1752 4169 ti
1781 4101 1900 4166 adicere
1920 4103 2028 4182 voluit,
2051 4106 2106 4170 11

342 4241 401 4305 que
422 4220 518 4284 etiam
540 4220 650 4302 magis,
672 4218 752 4301 quod
767 4218 970 4283 Belrkerus
993 4217 1025 4282 in
1047 4219 1145 4284 altera
1167 4218 1302 4283 editione
1325 4219 1479 4286 ιαἰνανιία
1501 4219 1625 4301 reecpit.
1657 4221 1820 4286 Contraria
1841 4223 1924 4286 enim
1944 4223 2106 4288 nobilitati

341 4343 373 4405 et
394 4340 503 4406 virtuti
524 4339 597 4404 sunt
616 4338 796 4422 ignobilitas
817 4338 849 4401 et
869 4338 1014 4420 pravitas,
1037 4357 1097 4402 nou
1118 4338 1281 4420 paupertas
1301 4338 1333 4401 11
1353 4337 1497 4420 pravitas,
1521 4355 1618 4420 neque
1639 4341 1819 4423 paupertate
1834 4341 1883 4404 vel
1903 4341 2105 4424 ignobilitate

341 4461 373 4524 et
392 4458 554 4543 pravitate,
579 4457 632 4522 sed
660 4458 839 4541 paupertate
865 4459 897 4520 et
925 4457 1082 4540 opulentia
1105 4456 1292 4521 democratia
1321 4458 1352 4520 et
1378 4455 1548 4539 oligarchia
1568 4457 1717 4534 nituntur,
1745 4458 1909 4524 nobilitate
1933 4461 1965 4526 et
1984 4459 2104 4527 virtute

339 4576 542 4643 aristocratia.
584 4577 691 4659 Itaque
713 4579 815 4643 ναῦτα
837 4575 875 4640 ad
904 4575 1002 4660 δῆμος
1024 4574 1081 4642 καὶ
1103 4575 1279 4662 ὀλιγαρχία
1301 4574 1491 4640 referendum
1513 4593 1573 4640 non
1594 4576 1678 4659 ipsas
1700 4577 1824 4658 quidem
1845 4578 1901 4643 has
1915 4581 2106 4665 reipublicae

339 4711 463 4775 termas,
486 4696 539 4761 sed
560 4695 702 4760 liberiore
724 4694 816 4759 modo
837 4695 912 4759 haec
933 4711 1039 4758 eorum
1060 4693 1259 4758 fundamenta
1280 4693 1449 4777 significat,
1478 4696 1514 4758 ut
1535 4695 1689 4760 sententia
1710 4697 1753 4762 sit
1774 4697 1862 4762 haec:
1890 4717 1959 4763 raro
1980 4701 2106 4767 iuveni-

336 4824 388 4885 tur
414 4814 617 4890 aristocratia,
643 4812 830 4879 democratia
859 4823 890 4878 at
916 4813 1086 4898 eligarehia
1113 4813 1175 4877 lere
1201 4812 1286 4878 solae
1315 4813 1347 4877 in
1376 4811 1555 4878 civitatibus
1581 4818 1752 4892 occurrunt,
1782 4835 1855 4882 narn
1882 4817 1969 4882 illins
1990 4819 2103 4887 lunda-

335 4939 449 5016 menta,
473 4935 619 5001 nobilitas
640 4951 677 4998 ac
697 4931 804 5008 virtue,
824 4933 857 4996 in
878 4933 993 5016 paucis,
1016 4933 1133 5010 harum,
1156 4933 1318 5016 paupertas
1345 4933 1376 4996 et
1403 4932 1568 5015 opulentia,
1597 4934 1630 4998 in
1656 4934 1795 5016 pluribus
1818 4937 1931 5016 111111,
1954 4941 2105 5022 quoniam

336 5059 454 5126 nobiles
476 5075 512 5120 ac
530 5055 603 5120 boni
623 5071 774 5136 nusquam
795 5053 918 5117 centum
938 5069 1064 5118 numero
1089 5052 1171 5129 sunt,
1194 5051 1283 5136 egeni
1304 5052 1396 5134 atque
1418 5053 1556 5136 opulenti
1579 5071 1794 5137 [usquequaque
1813 5055 1916 5122 multi.
1958 5058 2000 5122 Ut
2025 5080 2103 5128 vero

334 5181 410 5244 baec
431 5173 584 5242 1111111111
605 5173 706 5240 verbis
726 5189 833 5253 reapse
854 5173 1082 5256 exprimeretur,
1108 5166 1175 5238 καί
1205 5164 1365 5257 εὔποροι
1392 5171 1496 5254 potius
1522 5172 1592 5253 post
1621 5165 1734 5259 ιίιινρνι
1757 5171 1791 5242 ab
1819 5174 1902 5241 iusto
1930 5177 1994 5244 iure
2016 5179 2103 5247 desi-
