4610 5840
969 413 1216 486 -17-

203 643 323 710 quoque
344 627 524 711 argumento
546 625 687 692 refellere
706 627 849 702 conatus,
879 625 959 708 quod
980 643 1035 708 per
1055 626 1159 690 totam
1180 627 1271 709 caput
1292 625 1422 707 scriptor
1444 643 1480 690 ea
1500 627 1641 710 inprimis
1663 631 1831 710 senserit,
1859 633 1968 715 quibus

202 744 370 811 aeonsilio
392 746 425 810 11
446 745 507 812 fine
526 763 599 811 suae
620 745 758 830 ipsorum
780 744 917 810 civitatis
936 744 1052 810 formae
1073 744 1280 809 aberraverint
1294 743 1536 822 Lacedaemonii,
1554 747 1685 812 nimium
1704 749 1784 815 haud
1805 750 1895 818 dubie
1915 752 1968 818 de·

202 865 403 943 monstrarit,
430 883 503 930 nom
532 865 560 930 si
588 865 667 930 hano
697 864 735 929 ob
765 882 888 930 causam
909 863 1105 938 ὑπεναντίοι
1130 865 1252 930 tantm
1274 863 1398 947 scripsit
1417 865 1619 944 Aristotcles,
1648 866 1794 934 similiter
1822 871 1852 936 ei
1878 874 1968 937 antea

201 1002 321 1068 quoque
347 984 426 1050 131
449 986 642 1062 nonnanis
667 1016 686 1067 η
707 984 751 1069 μὴ
775 986 899 1063 καλῶς,
928 983 983 1049 sed
1002 983 1143 1052 nuder*
1104 1017 1149 1071 μη
1170 986 1279 1062 mide
1300 983 1494 1050 scribendum
1519 986 1593 1050 erat
1637 985 1744 1068 Itaque
1772 989 1968 1056 etiamnunc

202 1123 263 1170 non
284 1105 420 1170 1111111111
440 1105 529 1171 ebeeli
547 1101 728 1168 unimodum
747 1104 855 1188 peet'
841 1131 945 1170 εναντι
935 1103 990 1180 ι’ως
1010 1095 1244 1168 intercidisse
1224 1133 1244 1183 η
1266 1101 1311 1189 μὴ
1334 1103 1492 1182 ἐναντίως.

370 1223 488 1291 Deinde
516 1223 634 1300 12691),
663 1223 711 1287 35
733 1241 840 1306 pron
817 1221 936 1290 ο111ἰ
909 1215 991 1308 εἴιιερ
1014 1220 1188 1287 Guilelmus
1215 1239 1286 1286 cum
1314 1219 1857 1313 111111,,1111“,ο11ἀ11”ἠκιρ,
1886 1231 1967 1312 quod

201 1342 418 1428 Splburgius
440 1342 581 1420 coniecit,
602 1344 657 1408 aut
678 1341 745 1408 ‹iii’
768 1335 789 1425 ἢ
810 1342 923 1426 legisse
943 1340 1097 1425 putandus
1112 1343 1168 1418 est,
1191 1343 1223 1406 11
1243 1340 1264 1405 1.
1280 1340 1321 1405 36
1339 1359 1394 1425 pro
1417 1343 1510 1418 τοῦν
1533 1361 1732 1410 cumaeum
1753 1347 1836 1412 recte
1852 1345 1965 1431 Spon-

201 1462 299 1548 gelie
322 1463 435 1530 τοῦτον
454 1459 611 1547 postulare
631 1460 780 1540 11111111,
801 1463 907 1526 tamen
927 1463 1029 1530 τοῦτο
1051 1461 1181 1526 sortasse
1203 1477 1271 1538 „res
1294 1458 1440 1526 bellicos*
1461 1463 1635 1546 significare
1655 1463 1759 1547 potest
1770 1465 1819 1548 ⁶⁸).

367 1580 447 1646 11111
467 1582 573 1646 autem
593 1579 669 1646 haee
689 1597 738 1644 res
755 1597 790 1644 se
810 1577 913 1658 habet,
935 1581 1017 1646 certe
1040 1579 1192 1657 1271a3
1211 1578 1341 1644 minimo
1361 1598 1433 1646 cum
1454 1581 1563 1647 eodem
1577 1581 1774 1666 Spengelio
1796 1579 1831 1650 el
1852 1584 1885 1648 in
1898 1585 1965 1671 γὰρ

201 1699 396 1769 mutaverim.
438 1699 509 1765 nui
536 1699 621 1765 enim
641 1700 759 1778 nescio,
788 1717 921 1783 quanam
948 1717 982 1764 re
1004 1697 1223 1783 Spartanorum
1244 1697 1406 1782 legislator
1435 1717 1468 1766 se
1489 1701 1592 1784 ipsum
1616 1699 1807 1766 senatoribus
1828 1700 1965 1769 diffidere

201 1819 387 1898 ostenderit,
415 1821 520 1885 tumen
549 1817 703 1884 sententia
729 1798 892 1886 verborum
920 1816 1224 1904 polemoniaci
1247 1817 1323 1882 haec
1348 1835 1415 1884 esse
1441 1818 1575 1886 udatur:
1606 1819 1700 1902 „ipsa
1726 1821 1847 1886 autom
1874 1839 1964 1905 expe-

200 1939 313 2005 rientia
334 1937 439 2004 docuit
457 1937 579 2002 mutam
596 1937 769 2021 potentiam
787 1937 903 2004 talibus
923 1937 1114 2004 senatoribus
1135 1935 1335 2002 commissam
1354 1953 1546 2020 nequequam
1567 1955 1634 2002 osse
1655 1953 1804 2004 socruum

367 2058 508 2141 Denique
531 2055 652 2136 12711,
682 2057 702 2120 3
722 2074 803 2140 οηη.,
832 2059 996 2142 postquam
1016 2073 1110 2122 unam
1129 2055 1254 2121 annm
1275 2054 1424 2122 virtutem
1441 2055 1586 2122 bellinum
1605 2055 1824 2139 Spartanorum
1843 2059 1964 2144 legibus

200 2177 264 2244 eeli
282 2176 470 2244 Anabetelee
491 2175 584 2253 dixit,
604 2174 639 2241 in
659 2174 779 2240 ndieeie
799 2176 919 2242 ratione
940 2171 1021 2260 αὕτη
1043 2175 1110 2264 γὰρ
1131 2173 1274 2263 χρησίμη
1296 2161 1373 2263 πρὶς
1392 2175 1427 2245 τὸ
1447 2181 1588 2264 κρατεῖν,
1610 2177 1787 2264 τοιγαροῦν
1809 2179 1964 2260 ἐσώζοντο

198 2293 258 2381 μὶν
285 2298 494 2384 πολεμοῦντες
521 2294 709 2362 ἀπώλλυντο
738 2289 951 2384 eldegarius
977 2301 1032 2365 δια
1058 2293 1093 2363 τὸ
1115 2293 1161 2380 μὴ
1188 2293 1384 2372 ἐπίστασθαι
1412 2294 1586 2380 σχολάζειν
1604 2293 1685 2382 peel
1708 2295 1885 2380 τίσκτριίναι
1906 2329 1964 2383 μη.

199 2415 315 2502 δομῖαν
342 2408 487 2499 ἄσκησιν
515 2413 625 2500 ἑτέραν
650 2416 846 2502 κυριωτέραν
871 2415 926 2498 τῆς
950 2415 1120 2502 conpendi
1139 2412 1276 2479 addendo
1297 2416 1369 2498 poet
1389 2413 1533 2501 χρησίμη
1553 2414 1701 2482 vocabule
1721 2415 1851 2503 μόνον
1873 2433 1963 2502 11Ψο

200 2532 382 2613 carebimus,
402 2550 500 2616 ιιοηιιο
520 2531 650 2598 interest
670 2533 922 2601 exercitationem
941 2532 1190 2630 lacedaemoniis
1218 2533 1403 2600 nobiliorem
1427 2531 1547 2600 nullam
1572 2533 1668 2600 luisse
1696 2551 1789 2617 quam
1809 2535 1963 2616 bellicam,

200 2651 255 2718 sed
275 2671 337 2719 non
357 2651 452 2718 luisse
472 2653 506 2718 in
526 2652 644 2720 maiore
665 2669 758 2735 quam
778 2652 891 2718 bellica
911 2653 1039 2720 virtute
1061 2653 1165 2737 itaque
1184 2671 1246 2720 uon
1263 2653 1467 2738 respuendum
1486 2654 1535 2720 est
1549 2652 1699 2718 Guilelmi
1719 2637 1963 2722 additammum

199 2769 278 2859 κρὸς
294 2769 420 2859 ἀρετ-ὴν,
442 2769 503 2837 etsi
522 2771 627 2837 minus
646 2771 723 2837 bene
744 2771 816 2838 ante
837 2770 1014 2856 ἠσκηκέναι
1036 2771 1074 2838 11
1094 2791 1129 2840 eo
1148 2773 1256 2840 datum
1275 2773 1367 2857 longo
1381 2771 1533 2858 aptiorem
1555 2772 1627 2836 ante
1646 2771 1756 2857 ἑτέρον
1776 2773 1838 2841 sibi
1858 2775 1963 2842 sedem

198 2890 377 2958 vindicabit.

363 3009 401 3076 In
422 3011 523 3095 capite
543 3009 711 3088 decimo,
729 3008 764 3075 in
784 3026 844 3093 que
866 3010 970 3095 agitur
990 3010 1028 3076 de
1043 3011 1236 3077 t'retensium
1255 3009 1391 3087 civitate,
1413 3009 1506 3078 ruba
1526 3025 1603 3092 quae
1623 3009 1768 3093 leguntur
1789 3010 1826 3076 de
1846 3011 1961 3080 Minois

199 3129 329 3216 imperio
351 3129 508 3196 maritinm
526 3130 576 3198 διὸ
597 3127 655 3199 καὶ
669 3129 732 3198 οὖν
751 3130 782 3197 οἱ
795 3127 947 3216 περίοικοι
961 3169 1003 3180 -—
1017 3129 1084 3218 περὶ
1101 3132 1258 3216 nepissana,
1282 3129 1553 3209 1271131111,
1574 3147 1637 3196 111
1650 3129 1688 3196 ab
1709 3130 1777 3214 ipso
1791 3131 1962 3198 Aristotele

198 3267 266 3314 esse
286 3247 423 3334 proiecta
441 3268 512 3317 oum
533 3249 595 3316 alio
616 3248 685 3315 loco
697 3249 738 3335 ω)
760 3247 956 3327 ostenderim,
978 3248 1144 3315 adsensum
1157 3248 1342 3333 Spengeli
1354 3248 1396 3333 17)
1417 3267 1479 3314 non
1496 3248 1659 3333 reportari,
1678 3248 1815 3316 sennen
1836 3251 1884 3316 vir
1898 3251 1961 3317 ola·

197 3367 340 3434 rissimus
361 3385 422 3434 non
436 3369 538 3436 solum
551 3368 686 3435 rationes
706 3384 805 3450 neque
825 3366 934 3434 attulit
953 3384 1052 3450 neque
1072 3386 1093 3433 a
1112 3385 1163 3434 me
1181 3367 1293 3434 allatas
1312 3365 1451 3433 refellere
1474 3368 1601 3434 conatus
1621 3368 1679 3445 est,
1701 3367 1755 3434 sod
1777 3369 1873 3436 edom
1894 3371 1961 3457 ipse

197 3489 289 3554 verba
310 3491 393 3554 certo
414 3491 445 3556 oi
464 3489 614 3576 περίοικοι
635 3485 763 3553 dolenda
784 3504 850 3552 osse
878 3487 991 3552 111111.
1035 3486 1121 3567 Quae
1147 3504 1218 3554 oum
1244 3485 1291 3552 ita
1319 3485 1399 3564 sint,
1427 3484 1465 3551 de
1492 3485 1551 3552 hac
1570 3504 1604 3551 rs
1624 3485 1722 3552 denuo
1742 3489 1836 3556 ruba
1862 3489 1961 3558 facere

197 3625 455 3693 supervacaneum
483 3606 654 3684 videretur,
684 3604 747 3672 nisi
767 3603 916 3689 quaedam
943 3603 1025 3670 mihi
1045 3606 1148 3672 essent
1165 3606 1198 3672 et
1222 3604 1361 3671 addenda
1388 3607 1420 3670 et
1447 3603 1634 3691 corrigenda
1678 3605 1740 3672 Vix
1768 3607 1851 3673 enim
1878 3611 1960 3674 recte

196 3726 291 3793 verbe
317 3744 437 3810 qnoque
463 3725 675 3792 antecedentia
702 3725 884 3812 κατέλαβον
911 3723 937 3793 δ’
968 3725 999 3790 οἱ
1018 3725 1096 3809 πρὸς
1122 3724 1180 3806 τὴν
1206 3725 1361 3794 ἀποικίαν
1387 3724 1536 3804 ἐλθόντα,-
1559 3724 1617 3809 ripa
1642 3725 1734 3813 edsio
1759 3727 1822 3794 τοῖν
1850 3727 1961 3814 νόμων

194 3846 416 3933 ὑπάρχουσαν
435 3847 471 3914 ἐν
491 3851 556 3924 τοῖς
576 3844 874 3915 τότεκατοικοῦσιν
894 3843 928 3930 (l.
952 3841 1091 3929 28—30)
1113 3842 1271 3922 damnavi,
1301 3843 1398 3909 imme
1419 3843 1480 3909 etsi
1500 3862 1572 3910 enm
1592 3843 1817 3910 Buecheloro
1839 3845 1959 3930 καρέ-

194 3976 321 4054 aanor
341 3982 396 4051 pro
417 3967 598 4052 κατέλαβον
619 3965 788 4048 exspectes,
816 3963 923 4028 tamon
944 3963 1121 4046 ceteroquin
1141 3961 1310 4029 carendum
1330 3962 1497 4028 Aristoteli
1516 3963 1596 4042 orat,
1625 3981 1677 4040 ne,
1706 3981 1778 4029 cum
1801 3961 1959 4028 Cretenses

194 4086 251 4150 aut
270 4083 384 4150 saltem
405 4082 530 4169 Lyctios
552 4083 676 4150 colonos
695 4081 1007 4148 iaanenoniomm
1034 4081 1130 4147 inisse
1151 4082 1428 4168 consanguinitatis
1453 4083 1652 4165 utrorumque
1678 4081 1850 4166 probandae
1868 4101 1960 4148 causa

195 4205 341 4282 1111181111,
371 4197 499 4272 (ἔποικοι
520 4202 588 4292 γὰρ
609 4203 641 4270 οἱ
658 4202 788 4272 Λύκτιοι
809 4202 936 4288 (Κρῆτες
957 4199 1040 4266 Gnil.
1063 4202 1095 4267 et
1117 4201 1170 4286 P¹)
1190 4202 1254 4269 τῶν
1273 4202 1440 4271 Λακώνων
1465 4193 1552 4269 ἦσαν
1572 4200 1606 4287 (l.
1629 4199 1669 4263 27
1691 4200 1760 4284 eq),
1781 4199 1851 4266 inde
1870 4201 1959 4266 eolli-

194 4325 283 4408 geret
303 4322 373 4407 quis
394 4321 473 4388 falsa
495 4321 524 4388 ei
547 4322 638 4388 antea
662 4322 683 4387 1
707 4322 748 4386 22
769 4339 835 4405 sqq.
858 4339 924 4386 esse
953 4321 1086 4399 1111111,
1116 4338 1188 4394 cum
1211 4319 1245 4385 in
1272 4319 1582 4388 Lamdoemoniomm
1607 4317 1764 4402 republica
1790 4320 1959 4385 constituta

195 4442 347 4510 imitando
369 4441 506 4508 effictum
528 4458 595 4508 esse
618 4439 792 4522 exemplum
812 4435 1006 4504 Cretensium
1028 4438 1239 4518 contenderet,
1267 4438 1322 4506 sed
1343 4459 1379 4506 ex
1400 4439 1552 4506 sonnatio
1581 4438 1707 4504 illorum
1726 4436 1812 4522 loges
1835 4440 1867 4504 et
1886 4457 1958 4504 oon·

195 4561 374 4628 suetudines
395 4561 429 4626 in
449 4562 507 4626 hos
528 4577 595 4626 esse
616 4557 792 4624 translatas.
836 4557 905 4638 Qus
923 4557 958 4623 in
978 4574 1012 4622 re
1031 4557 1092 4623 elsi
1110 4557 1222 4637 emaci,
1244 4559 1348 4625 tamen
1370 4559 1463 4625 verba
1484 4556 1619 4628 δοιιοῒδΙ
1640 4553 1660 4637 ἡ
1681 4557 1781 4640 νῆσοι
1803 4555 1861 4625 καὶ
1881 4556 1959 4644 πρὸς

196 4682 253 4766 τὴν
275 4679 385 4770 ἀρχὴν
407 4679 463 4765 τὴν
477 4675 668 4763 Ἑλληνικὴν
688 4677 863 4764 moseos
889 4674 947 4747 καὶ
967 4683 1099 4756 κεῖσθαι
1120 4678 1229 4754 καλῶς
1250 4707 1281 4746 κ.
1296 4704 1322 4746 τ.
1336 4687 1364 4745 λ
1386 4677 1478 4763 (132
1496 4679 1576 4762 sqq.)
1597 4677 1662 4743 iem
1682 4694 1751 4742 enm
1774 4676 1814 4742 eb
1834 4692 1958 4741 oensem

364 5009 412 5076 et)
429 5007 516 5060 Verbo
535 5007 662 5060 monuisse
679 5005 741 5058 saer
758 5006 806 5058 orit
824 5009 922 5070 raros,
950 5011 983 5058 ee
1000 5021 1047 5076 pro
1062 5007 1130 5076 pelas
1146 5001 1198 5076 γιὶρ
1214 5001 1321 5076 πληγήν
1339 5001 1385 5060 οὐκ
1403 4999 1549 5076 &terrm
1566 5006 1660 5058 codlclr
1683 5019 1701 5056 a
1721 4999 1849 5057 Gnildrao
1871 5010 1955 5054 trans·

193 5109 240 5158 1111
258 5106 391 5158 lectionem
408 5103 486 5156 111111
503 5103 581 5156 rideri
599 5097 725 5171 οὖδιμίαν
741 5097 793 5170 γὰρ
809 5096 917 5172 πληγήν
934 5096 1088 5172 ιῖιτῆνιγιιιν,
1106 5117 1172 5170 quae
1190 5117 1250 5154 rere
1267 5101 1372 5154 iorriran
1390 5101 1436 5162 rit,
1453 5101 1475 5152 ri
1493 5101 1630 5154 scribamus
1648 5091 1722 5153 eles·
1739 5099 1825 5166 ples.

363 5199 410 5268 te)
428 5199 459 5250 Iu
477 5197 552 5250 lebni
570 5213 629 5250 anu.
647 5197 666 5249 1.
684 5197 703 5250 l.
720 5215 747 5266 p.
765 5203 826 5250 eel-
1329 5175 1332 5184 Δ

362 5296 407 5360 er)
426 5293 456 5344 1.
475 5292 494 5344 a
512 5308 537 5359 p.
557 5297 572 5345 ο
589 5291 650 5358 (oo)
669 5307 707 5358 ιο.
728 5297 757 5343 ιτ
777 5291 847 5358 (se).

1748 5409 1764 5454 8
