4670 5824
1102 287 1355 364 ..12...

349 505 529 570 concordare
551 504 770 569 demonstrant.
816 505 964 584 Quocirca
992 504 1095 566 minus
1120 502 1221 585 placet
1239 504 1278 587 δ’,
1302 502 1356 568 sed
1381 503 1435 565 aut
1456 500 1539 588 γὰρ
1561 503 1756 584 expectamus
1776 507 1845 577 aut,
1875 501 1904 564 si
1932 500 1983 564 his
2009 499 2108 564 vorbis

348 624 568 705 posterioribus
590 623 771 707 amplificari
791 624 893 707 potius
914 624 1016 705 priora
1037 621 1211 697 credamus,
1232 623 1269 686 ut
1286 619 1379 702 ἴσως,
1406 620 1487 704 quod
1509 621 1555 685 sic
1575 639 1636 684 non
1658 620 1829 686 dubitantis
1850 621 1902 696 sit,
1924 617 1979 684 sed
1999 619 2108 682 leniter

349 739 570 819 contendentis,
589 743 685 808 etiam
705 742 743 806 ad
765 759 800 806 oa
821 743 977 820 referatur,
999 741 1112 824 puncto
1133 743 1205 806 ante
1225 743 1322 821 δῆλον
1343 741 1375 806 in
1403 758 1524 806 comma
1542 743 1671 818 mutato,
1697 739 1728 814 μ’
1752 739 1853 804 multo
1877 738 1990 804 melius
2018 755 2109 819 quam

350 860 375 926 δ’
398 858 438 923 ed
459 860 540 924 buno
560 879 684 926 sensum
705 861 764 924 erit
785 860 1059 927 accommodatum.
1103 861 1285 926 Germanice
1306 860 1409 924 locum
1431 860 1477 924 sic
1497 859 1560 924 fere
1575 860 1753 925 reddemus:
1777 858 1904 942 ..jedoch
1924 857 2002 922 auch
2017 857 2110 920 sebon

350 997 425 1056 „um
446 979 499 1042 der
516 980 638 1045 blossen
660 978 832 1063 llrheltung
853 979 907 1044 des
928 979 1046 1047 Lebeus
1067 981 1172 1046 willan
1193 981 1294 1045 treton
1316 979 1361 1043 sie
1382 996 1452 1042 num
1474 978 1580 1044 Staate
1595 997 1771 1044 zusammen
1792 977 1855 1042 und
1873 977 1980 1041 hulten
1998 973 2109 1039 ander

352 1097 557 1174 ..staatliohen
578 1097 807 1163 Gemeinschait
827 1100 897 1165 fest.
941 1100 1029 1165 Danu
1059 1100 1104 1166 im
1123 1100 1225 1164 Leben
1246 1098 1346 1164 selber
1366 1097 1458 1180 liegt,
1486 1099 1546 1164 wie
1572 1117 1605 1163 cs
1627 1099 1761 1175 scheint,
1789 1097 1883 1162 sebon
1906 1095 1956 1160 ein
1976 1093 2109 1160 lebeus·

352 1217 435 1299 „gub
458 1233 491 1280 so
513 1217 602 1299 lange
623 1217 710 1282 nicht
731 1217 781 1282 dic
802 1219 870 1296 Art,
893 1220 951 1284 wie
971 1238 1044 1286 rnan
1062 1239 1094 1284 es
1116 1239 1154 1284 zu
1175 1220 1284 1284 fi'rbren
1303 1219 1373 1296 irat,
1395 1217 1478 1282 allzu
1499 1216 1670 1284 drr'rolrendo
1691 1215 1805 1282 Leston
1826 1215 1887 1280 mit
1908 1215 1975 1280 sicli
1996 1213 2108 1296 bringa

351 1334 450 1413 „deun
472 1335 536 1420 (vel
558 1335 634 1420 und)
656 1353 688 1400 es
713 1336 795 1401 lehrt
817 1336 867 1402 die
887 1337 1074 1422 Erfahnrng,
1104 1337 1174 1402 dass
1202 1337 1251 1402 dio
1279 1355 1385 1420 grosse
1411 1337 1571 1406 Mehrzahl
1592 1339 1646 1404 der
1667 1337 1833 1402 Mensoben
1850 1353 1906 1400 ans
1926 1334 2019 1399 liobe
2041 1350 2111 1398 curu

351 1455 472 1532 ..beben
502 1455 598 1519 violes
619 1454 796 1538 Ungemacb
817 1473 854 1519 zu
876 1459 1016 1540 ortrsgen
1036 1457 1135 1522 bereit
1163 1456 1282 1534 ist,‚so
1305 1456 1375 1522 dass
1405 1457 1482 1524 doch
1512 1457 1594 1522 wohl
1620 1457 1652 1520 in
1675 1455 1850 1522 demselben
1871 1456 1965 1518 sebon
1987 1453 2037 1516 ein
2056 1469 2110 1536 ge-

352 1577 479 1654 „wisser
498 1575 574 1640 Reiz
594 1575 741 1640 andeins
762 1576 934 1640 netdrliobe
955 1574 1130 1660 Sissiglreit
1147 1575 1248 1660 liegon
1268 1586 1385 1642 mussa

518 1693 574 1756 Est
595 1695 700 1759 autem
721 1693 801 1758 alius
820 1698 977 1777 praeterea
998 1696 1030 1760 in
1052 1696 1112 1761 boc
1131 1695 1210 1760 libro
1233 1695 1327 1774 locus,
1350 1713 1441 1777 quem
1463 1713 1523 1760 non
1546 1694 1713 1778 disputatio
1736 1711 1805 1758 mea
1825 1710 1886 1757 uno
1901 1691 2013 1756 abhinc
2033 1707 2110 1754 anno

353 1812 469 1894 scripta
480 1811 527 1897 Μ),
549 1811 602 1876 sed
623 1811 806 1877 Schmidti
827 1813 952 1879 domurn
970 1816 1042 1900 post
1062 1815 1121 1880 hoc
1134 1823 1256 1899 tempus
1271 1815 1424 1900 sagacitas
1438 1814 1478 1879 ad
1492 1813 1646 1896 liquidum
1655 1832 1779 1897 prorsus
1793 1812 1944 1897 perduxit.
1969 1809 2112 1874 Nimium

354 1931 437 1996 enirn
459 1931 623 1996 Thuroto
636 1928 673 2015 ²⁸)
695 1933 841 2008 concessi.
862 1951 932 1998 curn
954 1951 1014 1998 non
1035 1933 1127 2000 modo
1148 1933 1298 2012 bonnam,
1319 1952 1411 2017 quarn
1432 1934 1460 1998 is
1483 1934 1515 1998 in
1537 1933 1638 2018 capite
1659 1933 1825 2017 septimo
1849 1934 1921 1996 ante
1941 1927 2111 2015 συμβαίνει

354 2051 379 2117 8
403 2050 556 2138 εὐλόγως,
577 2049 688 2124 laeua,
710 2049 772 2126 39..
799 2051 908 2115 borum
929 2053 1091 2118 verborum
1112 2053 1250 2118 subiecto
1270 2052 1360 2137 plane
1387 2053 1547 2119 deficiente
1574 2054 1607 2118 in
1627 2051 1741 2117 tradito
1763 2051 1868 2117 ordine
1890 2047 2112 2115 sententiarum

354 2186 415 2233 non
435 2169 501 2234 sine
521 2187 635 2252 magna
654 2169 755 2252 specis
777 2171 919 2236 veritatis
939 2172 1001 2237 sibi
1020 2172 1106 2236 visus
1128 2173 1176 2236 est
1196 2171 1373 2257 indagasse,
1402 2191 1473 2236 cunr
1495 2189 1530 2236 eo
1549 2170 1760 2248 statuendam,
1782 2187 1887 2236 vorum
1909 2169 2004 2234 otiam
2023 2167 2056 2230 in
2076 2182 2114 2228 aa

356 2285 503 2370 explenda
523 2295 644 2372 partem
666 2289 732 2354 sori
750 2290 788 2354 ab
810 2309 845 2354 eo
866 2291 1025 2356 inventam
1046 2309 1114 2355 esse
1133 2293 1283 2374 putarem.
1327 2291 1457 2375 Pmpius
1478 2291 1602 2356 aberam
1623 2309 1643 2355 a
1662 2291 1747 2356 rocta
1767 2290 1817 2354 via
1837 2286 2059 2355 emendationis
2078 2283 2114 2347 in

355 2405 453 2470 altera
472 2409 559 2490 parta
580 2408 803 2491 supplementi.
832 2428 891 2492 quo
921 2411 1056 2494 spatium
1076 2427 1222 2486 vacuum,
1248 2410 1329 2492 quod
1353 2413 1424 2480 ants
1445 2411 1537 2477 verba
1561 2410 1657 2476 allata
1678 2410 1763 2474 hiare
1785 2407 1945 2494 opinabor,
1971 2405 2114 2487 obtegere

355 2525 524 2591 studebam.
570 2528 651 2607 Quid
671 2529 754 2594 enim
775 2529 854 2594 illud
875 2530 926 2606 sit,
957 2529 1037 2612 quod
1059 2529 1230 2616 συμβαίνει
1252 2529 1396 2618 εὐλόγως
1403 2581 1413 2614 ,
1444 2548 1550 2595 revera
1569 2549 1605 2593 ex
1627 2529 1733 2594 additu
1750 2529 1869 2594 ratione
1888 2523 1947 2595 ἕνα
1965 2523 2025 2611 μὲν
2044 2522 2113 2610 γὰρ

355 2645 516 2732 διαφέρειν
541 2647 609 2715 κατ’
642 2648 758 2735 α’ρενὴν
786 2643 959 2737 ἢόλῖγους
994 2651 1174 2732 ἐνδέχεται,
1204 2649 1328 2726 πλείους
1356 2649 1382 2717 b'
1405 2644 1464 2733 ἤδη
1497 2651 1642 2734 χαλεπὸν
1664 2649 1866 2735 ἠκριβῶσθαι
1893 2647 1970 2732 πρὸς
2001 2645 2113 2710 πᾶσαν

356 2763 487 2849 ἀρενήν,
516 2765 601 2832 ἀλλὰ
627 2769 771 2852 μάλιστα
796 2768 852 2848 τὴν
883 2769 1066 2856 πολεμικήν·
1095 2763 1177 2850 αὕτη
1207 2769 1275 2856 γὰρ
1303 2771 1337 2834 εἰν
1365 2771 1476 2852 abipsa
1505 2767 1638 2856 γίνεται·
1667 2768 1773 2853 διόπερ
1800 2768 1885 2835 κοινὰ
1913 2766 2031 2846 ταύιην
2056 2761 2114 2842 τὴν

357 2883 515 2950 πολιτείαν
537 2887 733 2969 κυριώτατον
756 2887 790 2954 ed
813 2890 1043 2975 προπολεμοῦν,
1065 2885 1121 2956 καλ
1143 2891 1335 2974 μετέχουσιν
1356 2889 1454 2970 αὐτῆς
1475 2889 1506 2954 οἶ
1523 2888 1707 2973 κεκτημένοι
1731 2887 1770 2954 τὰ
1792 2883 1875 2953 ὅπλα
1889 2884 2055 2969 (v,39-b,
2070 2884 2115 2964 4.)

357 3003 529 3068 clarissime
554 3005 657 3086 patet.
686 3004 755 3070 dico
781 3006 919 3070 militare
945 3025 1011 3070 csse
1031 3025 1128 3091 genus
1148 3007 1334 3091 reipublicae
1364 3006 1624 3072 administrandae
1644 3006 1802 3088 politiam:
1832 3006 1886 3071 sod
1905 3008 1942 3071 ut
1962 3005 2021 3069 boc
2041 3003 2115 3067 sub-

358 3123 474 3187 iectum
494 3125 689 3206 recuperetur
709 3127 741 3189 et
761 3125 862 3188 omnis
884 3126 1043 3209 scrupulus
1064 3128 1266 3202 remoueatur,
1288 3125 1403 3190 sufficit
1424 3143 1494 3190 oum
1509 3125 1711 3190 Schmidtio
1734 3127 1826 3191 verba
1846 3124 1902 3194 aab
1924 3127 2116 3212 μετέχουσιν

358 3243 458 3324 εὐνῆς
485 3246 515 3310 οἱ
540 3245 725 3330 κεκτημένοι
756 3246 796 3312 τὰ
822 3239 906 3312 ὅπλα
934 3245 976 3330 (b.
999 3247 1020 3310 3
1040 3249 1099 3330 sq.)
1126 3247 1197 3312 ante
1226 3243 1397 3331 συμβαίνει
1418 3246 1631 3328 transponere:
1660 3263 1732 3312 nam
1761 3264 1814 3310 our
1834 3246 1910 3310 haec
1930 3244 2115 3328 reipublicae

359 3364 457 3428 forma
478 3365 633 3428 communi
655 3365 793 3429 omnium
814 3366 937 3429 nomine
957 3365 1068 3448 politio
1088 3366 1271 3450 appelletur,
1293 3363 1418 3429 reddere
1440 3364 1522 3428 baud
1548 3362 1639 3428 dubie
1659 3364 1750 3428 huius
1771 3366 1817 3430 rei
1835 3367 1987 3430 rationem
2008 3381 2114 3446 super-

363 3501 531 3548 vacaneum
561 3501 622 3548 non
653 3485 720 3548 erat
740 3484 817 3570 (hoc
837 3502 917 3549 nuno
947 3502 1066 3568 quoqne
1094 3486 1257 3552 Thuroto
1286 3483 1445 3568 concedo),
1474 3483 1609 3548 sednon
1635 3484 1716 3548 tanti
1746 3502 1782 3548 ee
1808 3485 1960 3552 momenti
1990 3485 2053 3561 cst,
2081 3483 2118 3546 ut

361 3603 419 3666 boc
438 3601 633 3666 nullomodo
654 3603 792 3684 potuisse
813 3604 852 3668 ab
873 3605 1042 3671 Aristotele
1063 3605 1270 3690 praetermitti
1291 3604 1483 3669 arbitremur.

528 3719 668 3801 Denique
688 3720 721 3784 in
743 3719 850 3787 eodem
863 3723 942 3791 libro
954 3723 992 3809 ²⁹)
1013 3725 1091 3790 item
1112 3725 1138 3792 δ’
1158 3723 1350 3808 particulam,
1374 3739 1451 3804 quae
1470 3723 1503 3786 irr
1524 3723 1624 3806 capite
1645 3723 1777 3804 quinto
1800 3723 1949 3788 decimo
1967 3723 2038 3805 post
2059 3722 2117 3787 νοῦ

363 3843 479 3922 1286ο,
502 3843 552 3906 33.
582 3839 696 3903 tradita
722 3841 786 3918 cst,
812 3859 873 3906 non
901 3843 1050 3908 intactam
1077 3842 1324 3925 relinquendam,
1352 3842 1406 3907 scd
1431 3860 1501 3907 cum
1525 3842 1604 3929 γὰρ
1634 3841 1883 3908 commutandam
1910 3860 1977 3908 osse
1998 3857 2117 3904 censeo.

361 3961 510 4042 Quamvis
530 3961 614 4024 enim
635 3959 668 4022 in
690 3959 876 4024 editionibus
894 3961 1047 4044 prioribus
1075 3961 1173 4026 totius
1200 3962 1352 4027 enuntiati
1380 3980 1487 4026 sensus
1508 3962 1644 4044 pessima
1664 3963 1910 4046 interpunctione
1929 3961 2117 4036 obscuretur,

359 4083 464 4146 tamen
485 4081 517 4144 in
538 4079 638 4163 priore
658 4079 724 4142 eius
745 4081 832 4162 palio
852 4075 894 4146 ἔτι
915 4082 1041 4166 μᾶλλον
1068 4081 1272 4168 ἀδιάφβορον
1293 4083 1328 4148 τὸ
1350 4083 1444 4159 πολύ,
1469 4083 1620 4167 κοβάπερ
1642 4077 1727 4166 ὕδωρ
1748 4081 1783 4148 τὸ
1805 4088 1928 4166 πλεῖον,
1956 4075 2037 4148 οὕτω
2058 4082 2117 4147 καὶ

361 4200 395 4266 τὸ
417 4201 539 4280 πλῆθος
560 4201 623 4266 τῶν
646 4197 765 4286 ὀλίγον
786 4199 1068 4286 ἀδιοφῇοριλνερον
1090 4206 1131 4288 (v.
1144 4202 1303 4286 31-33.),
1325 4201 1411 4265 ouius
1433 4201 1619 4264 stnrcturam
1639 4201 1770 4284 perbene
1791 4201 1961 4266 illustravit
1982 4199 2117 4263 Vahle-

360 4336 427 4382 nus
439 4319 490 4401 ³⁰),
511 4317 594 4381 alind
617 4319 718 4381 inesse
741 4318 849 4400 nequit
869 4318 930 4382 nisi
951 4319 1025 4384 hoc:
1048 4321 1170 4397 ..minus
1192 4321 1283 4385 facile
1301 4321 1454 4403 corrumpi
1481 4320 1584 4402 potest
1605 4320 1739 4403 plurium
1759 4319 1909 4386 iudicium
1926 4337 2017 4401 quarn
2039 4337 2117 4402 pau-

361 4438 512 4500 ciorum“:
541 4455 617 4518 quae
639 4440 743 4500 autem
769 4455 818 4500 res
844 4456 896 4502 cur
924 4439 969 4503 ita
990 4440 1033 4502 sit
1060 4441 1088 4504 si
1108 4441 1347 4523 interrogamus,
1376 4440 1539 4523 respondet
1563 4440 1652 4504 nobis
1679 4458 1749 4522 pars
1770 4439 1922 4523 posterior
1950 4441 2007 4506 νοῦ
2033 4438 2119 4526 γὰρ

527 4749 557 4792 a?
591 4742 622 4792 L.
641 4743 658 4792 l.
694 4780 701 4794 .
726 4751 763 4794 15.

529 4742 574 4891 28}
593 4762 691 4878 Ebudes
706 4847 748 4879 sur
763 4832 883 4894 Aristote,
902 4833 982 4885 Paris.
1005 4833 1185 4886 mucccbx.
1206 4851 1230 4901 p.
1250 4842 1282 4886 οἳ
1302 4851 1355 4900 sqq.

527 4917 572 4978 29)
591 4913 726 4980 Duplicenr
750 4931 858 4967 errorem
881 4929 1010 4983 practerea
1036 4922 1168 4983 corrigeris,
1192 4923 1216 4970 in
1235 4923 1335 4985 queml
1363 4923 1423 4989 lp.
1446 4929 1485 4977 14.
1505 4935 1530 4975 ct
1557 4929 1594 4977 16.
1615 4923 1730 4975 inductus
1754 4941 1821 4974 sum:
1845 4939 1901 4974 nnrn
1926 4917 2121 4988 τὸλεγόμενον

361 5004 447 5053 cadem
466 5003 490 5050 vi
508 5003 647 5068 praeditum
666 5011 742 5066 abque
760 5003 781 5064 1,
802 5009 823 5052 1.
846 5011 934 5066 libio,
957 5012 985 5057 17
1004 5007 1096 5070 legitur
1113 5008 1186 5056 etiem
1205 5007 1253 5064 111,
1278 5014 1297 5056 1.
1320 5015 1409 5068 ratae,
1431 5017 1480 5071 18..
1499 5023 1524 5062 et
1537 5013 1586 5073 111.
1604 5019 1641 5062 11.
1663 5013 1756 5072 tietb,
1777 5017 1800 5062 8.
1821 5011 1941 5062 Guilelmi
1959 5011 2038 5060 codex
2064 5023 2120 5059 non

528 5178 575 5243 30)
598 5178 720 5232 Zeitschr.
738 5179 756 5228 l.
776 5180 801 5228 d.
824 5179 1116 5244 bstr.Gymrr.XV111.
1137 5195 1162 5247 p.
1182 5187 1227 5230 721
1250 5197 1304 5247 sqq.
