4670 5824
998 337 1251 414 ..15-

239 552 292 636 τίρι
317 543 353 620 εὖ
371 553 561 641 μεμιγμένῃ,
584 573 611 617 r.
633 553 768 629 34-40,
799 572 870 618 cunr
898 555 952 630 sis,
979 571 1055 636 quae
1086 572 1166 620 nunc
1194 554 1368 619 invenimus
1397 554 1430 617 in
1450 554 1518 618 tota
1537 553 1639 635 priore
1660 550 1751 616 huius
1774 548 1885 633 capitis
1906 547 2002 632 parto,

238 673 431 750 cohaereant,
448 691 504 756 ego
522 673 647 755 quidem
662 673 775 738 frustra
795 673 901 739 studui
915 673 1082 738 enucleare.
1113 673 1221 738 Subito
1243 672 1326 737 enim
1348 672 1399 737 hic
1419 690 1524 736 narsus
1547 671 1584 735 de
1605 671 1725 735 rationo
1743 671 1834 754 plane
1851 665 2005 734 corbaria

240 793 352 876 agitur
382 794 450 858 dico
478 794 515 858 de
539 792 734 857 aristocratia
763 791 796 856 in
816 791 1020 875 oligarchiam
1041 794 1073 858 et
1093 809 1329 886 nonnunquam,
1344 791 1380 856 de
1402 809 1462 874 qua
1489 808 1522 853 rs
1542 790 1632 874 plane
1654 787 1734 854 nihil
1756 791 1846 854 antas
1868 803 2004 852 comme-

240 915 395 978 moratum
417 914 474 989 881,
495 913 528 976 in
550 912 745 1002 tyrannidem
766 914 955 977 transeunte.
987 913 1066 978 Utut
1087 914 1192 977 antem
1213 911 1251 976 de
1272 913 1331 976 hac
1351 910 1529 992 quaestione
1543 908 1742 974 iudicandum
1758 912 1816 986 est,
1837 924 1899 972 non
1913 883 2004 971 dobe-

239 1032 293 1097 bat
314 1033 516 1116 interpolator
536 1031 573 1097 de
593 1033 722 1097 interitu
745 1032 922 1097 civitatis
943 1033 1143 1098 Locrensium
1164 1032 1259 1114 loqui,
1280 1031 1426 1114 quoniam
1440 1047 1500 1094 non
1515 1029 1666 1109 quomodo
1682 1029 1837 1114 civitates,
1859 1026 1912 1092 sed
1928 1043 2004 1107 quo-

239 1150 331 1216 modo
361 1151 477 1216 formae
503 1151 627 1218 tantum
654 1170 759 1216 aarum
782 1152 966 1229 evertantur,
993 1152 1027 1217 in
1054 1153 1113 1218 hoc
1134 1152 1222 1230 libro,
1255 1152 1286 1214 et
1307 1147 1458 1232 quomodo
1481 1149 1675 1213 aristocratia
1696 1149 1727 1214 et
1748 1149 1868 1233 politia,
1888 1145 1924 1211 in
1945 1145 2005 1208 hoc

239 1271 341 1358 capite
360 1271 393 1336 in
416 1289 542 1337 examen
563 1271 698 1336 vocatur.
742 1272 787 1334 At
809 1271 939 1335 fortasse
960 1289 1067 1354 reapse
1088 1290 1148 1337 non
1170 1273 1215 1337 ita
1235 1273 1357 1336 locutus
1380 1271 1446 1334 est:
1476 1268 1558 1351 quod
1584 1267 1667 1332 enim
1686 1268 1720 1333 in
1740 1269 1779 1331 P1
1808 1266 1912 1333 codice
1943 1277 2004 1327 non

238 1390 336 1474 πόλις,
360 1391 415 1455 sod
436 1391 574 1459 πολιτεία
595 1391 718 1476 legitur,
740 1390 800 1454 etsi
821 1393 926 1473 aperte
947 1390 1061 1456 falsum
1082 1401 1139 1468 est,
1162 1393 1307 1474 quoniam
1328 1391 1361 1454 in
1375 1390 1638 1454 aristocratiarum
1659 1387 1763 1472 potius
1778 1385 1907 1451 interitu
1927 1383 2003 1446 haec

239 1511 331 1576 rerba
353 1511 468 1576 versari
489 1512 605 1589 monui,
627 1513 732 1576 tamm
753 1511 922 1600 vestigium
943 1509 1074 1576 fortasse
1093 1512 1157 1576 veri
1178 1513 1334 1576 continet:
1357 1510 1437 1575 nihil
1458 1511 1543 1576 enim
1557 1505 1792 1590 vituperandum
1813 1504 1881 1579 erit,
1900 1501 1929 1566 si
1945 1501 2003 1564 hac

238 1631 370 1694 lectione
391 1632 513 1714 recepta
533 1631 628 1695 simul
647 1632 728 1696 inter
750 1649 783 1694 se
808 1630 1018 1713 permutemus
1032 1632 1170 1698 πολιτεία
1185 1632 1216 1696 81
1230 1630 1462 1718 ἀριστοκρατίᾳ
1476 1629 1623 1694 voeabula
1637 1629 1692 1706 ita,
1706 1629 1743 1692 ut
1757 1625 1851 1690 simul
1863 1622 2004 1687 dativum

238 1749 378 1834 πολιτείᾳ
409 1751 441 1814 81
467 1750 695 1816 nominativum
724 1748 955 1838 ἀριστοκρατία
982 1768 1142 1833 ponamus.
1191 1751 1304 1817 Nescio
1333 1755 1438 1816 188188
1467 1770 1506 1816 an
1532 1751 1591 1815 hoc
1619 1749 1662 1813 sit
1686 1766 1748 1812 non
1767 1743 1919 1818 librarios,
1949 1737 2003 1803 sad

236 1873 340 1954 ipsum
360 1869 542 1954 scriptorem
565 1870 724 1952 corrigere.
768 1871 908 1952 Denique
931 1887 1001 1934 oum
1030 1870 1141 1948 13071),
1166 1871 1196 1934 6.
1218 1871 1337 1958 συνέβη
1360 1868 1393 1938 al
1416 1872 1508 1940 τοῦτο
1530 1868 1587 1937 καὶ
1608 1867 1656 1936 inl
1678 1869 1731 1948 τῆς
1750 1863 1894 1950 Θουρίων
1914 1869 2003 1926 τολι-

237 1989 492 2074 erlaclegamns,
515 1988 687 2058 καὶτοῦτο
715 1991 819 2074 potius
847 1991 972 2074 proptor
997 1990 1081 2054 aliud
1109 1991 1246 2055 eiusdem
1267 1991 1404 2057 civitatis
1427 1989 1600 2072 exemplum
1627 1989 1690 2052 iam
1716 1989 1806 2051 antea
1827 1979 2002 2046 adhibitum

237 2108 432 2175 scribendum
453 2129 520 2174 esse
550 2127 716 2186 conseram,
740 2109 767 2174 si
788 2110 957 2195 genuinum
980 2108 1059 2174 illud
1082 2111 1257 2195 exemplum
1277 2110 1432 2189 haberem,
1453 2129 1534 2175 nunc
1554 2127 1625 2176 raro
1645 2106 1778 2172 traditus
1800 2105 1911 2167 horum
1934 2117 2002 2163 rer-

236 2232 347 2297 horum
374 2232 448 2296 ordo
473 2231 564 2297 τοῦτο
594 2229 651 2296 καὶ
678 2228 808 2295 forsitan
833 2247 911 2295 noro
940 2230 1054 2296 indicio
1084 2230 1136 2308 sit,
1164 2249 1223 2312 quo
1250 2231 1449 2298 subditieiam
1477 2249 1544 2296 esse
1573 2229 1707 2313 priorem
1734 2226 1824 2290 illam
1844 2221 1882 2286 de
1911 2217 2001 2284 rebus

236 2353 444 2418 Thurinorum
465 2349 672 2415 narrationem
690 2350 864 2432 probemus.
907 2349 1016 2413 Mirari
1037 2351 1143 2414 autem
1164 2350 1238 2414 licet
1259 2350 1352 2416 rerba
1377 2354 1441 2418 reio
1456 2349 1606 2438 φρουρῶν
1628 2347 1661 2413 in
1675 2347 1844 2430 posteriore
1863 2329 2001 2422 exemplo

238 2475 281 2558 (r.
304 2473 357 2556 9.),
380 2471 433 2535 ubi
454 2468 620 2535 absurdum
646 2485 713 2534 essa
739 2469 798 2533 hoc
823 2467 1069 2534 additamentum
1093 2470 1188 2552 probe
1215 2470 1434 2535 intellexerunt
1456 2470 1604 2534 Aretinru
1633 2466 1898 2545 Stahriusque
1913 2461 2001 2544 ²⁷),a

239 2592 363 2656 vetusta
374 2586 576 2654 tanslatione
587 2587 789 2669 omnibusque
800 2587 956 2653 codicibus
966 2589 1359 2676 offerri,inpriora(1307a,
1370 2589 1433 2673 32),
1443 2589 1497 2653 ubi
1507 2589 1572 2654 sire
1581 2586 1735 2652 adduntur
1746 2585 1821 2648 haec
1831 2582 1924 2648 rerba
1933 2580 2000 2645 sire

236 2712 386 2787 delentru,
406 2725 503 2789 aeque
525 2709 620 2774 bonus
643 2707 751 2772 existit
768 2725 885 2785 sensus,
905 2708 1095 2774 aGuilelmo
1119 2711 1211 2790 atque
1232 2709 1278 2772 11ΙΙ
1299 2710 1331 2773 81
1351 2708 1390 2771 Ρ1
1411 2707 1566 2772 codicibus
1587 2705 1702 2771 omitti.
1737 2703 1803 2786 Ego
1817 2703 1851 2766 iu
1865 2699 2000 2766 editione

236 2850 307 2897 mea
327 2831 457 2910 ubsque
476 2827 543 2892 loco
564 2826 686 2902 seclusi,
708 2826 742 2889 at
762 2824 884 2890 facilius
912 2845 961 2892 res
993 2827 1171 2910 explicatur,
1197 2828 1234 2904 si,
1261 2828 1425 2911 postquam
1452 2826 1531 2893 falso
1558 2827 1592 2892 in
1612 2828 1776 2907 utrumque
1797 2822 1889 2888 rerba
1909 2819 2000 2884 illata

235 2949 318 3028 sunt,
337 2949 370 3013 in
390 2945 529 3012 melioris
550 2947 735 3012 recensionis
757 2946 921 3030 archetypo
941 2945 1089 3012 mendum
1110 2948 1280 3013 correctum
1294 2947 1427 3030 quidem,
1449 2947 1504 3012 ssd
1525 2965 1579 3031 par
1600 2962 1734 3012 errorem
1749 2941 1900 3026 quendam
1921 2938 1999 3004 falso

236 3070 305 3134 loco
327 3068 496 3132 correctum
519 3082 585 3128 csse
606 3083 773 3132 sumamus.

350 3245 354 3256 ,
403 3184 535 3259 Restant
557 3185 704 3250 nonnulla
729 3186 803 3268 alia,
825 3207 902 3270 quaa
931 3189 1008 3252 artis
1037 3189 1163 3252 criticae
1184 3207 1273 3272 egere
1298 3189 1378 3253 mihi
1400 3187 1543 3253 ridentur
1564 3186 1689 3263 auxilio,
1710 3185 1851 3250 volutae
1874 3199 1909 3246 sa
1930 3179 1999 3262 qui-

235 3308 316 3385 dem,
338 3323 415 3388 quae
435 3324 461 3368 ο.
487 3305 535 3367 12.
561 3304 672 3382 13151),
698 3305 821 3370 11-39
850 3307 1003 3392 leguntur,
1029 3307 1068 3372 ab
1089 3308 1157 3391 ipso
1177 3307 1348 3373 Aristotele
1376 3307 1513 3390 prolecta
1538 3323 1605 3370 esse
1627 3302 1810 3368 crediderim
1830 3301 1862 3364 et
1887 3297 1998 3374 13161),

238 3427 287 3492 10.
309 3423 532 3497 οὐδενὸς-14.
554 3424 634 3489 νοῦν
654 3427 725 3506 11081
747 3427 798 3490 21.
820 3427 979 3495 πολιτείαν
1001 3428 1033 3492 81
1051 3427 1120 3504 VII,
1143 3425 1172 3490 8.
1198 3426 1308 3505 13288,
1331 3428 1382 3491 28.
1403 3422 1576 3494 ὅταν-35.
1606 3423 1691 3492 ἐστίν
1712 3422 1834 3506 110811),
1857 3421 1887 3485 2.
1908 3429 1998 3486 πολι·

234 3545 319 3621 τείας
338 3541 507 3608 traicienda
528 3560 595 3606 esse
620 3543 737 3606 conicio
763 3545 795 3608 et
820 3545 929 3624 1316a,
954 3547 1003 3610 17.
1026 3541 1098 3633 ἅμα
1117 3541 1185 3633 ἄρα
1203 3547 1405 3633 μεταβάλλει,
1426 3563 1498 3610 cum
1511 3540 1578 3632 ἄρα
1599 3543 1678 3628 apud
1694 3540 1887 3608 Guilelmum
1906 3540 1999 3622 atque

233 3666 268 3730 in
290 3665 327 3728 P¹
350 3665 381 3728 et
400 3662 447 3726 M·
468 3660 623 3726 codicibus
645 3663 796 3728 omissum
818 3665 870 3743 811,
892 3683 947 3748 per
968 3665 1211 3752 dittographinm
1232 3684 1267 3730 er
1286 3667 1403 3732 eisdem
1422 3667 1524 3732 verbis
1544 3685 1574 3730 r.
1591 3665 1640 3729 16.
1663 3661 1788 3746 scriptis
1810 3654 1882 3745 ίίμα
1903 3685 1998 3746 μετα·

233 3784 343 3871 βάλλει
371 3783 439 3847 0118
466 3800 532 3846 8888
561 3799 669 3846 0811880
700 3784 732 3847 81
761 3784 871 3858 13161),
905 3787 953 3849 15.
982 3787 1032 3850 23.
1058 3785 1234 3872 μεταβολαὶ
1266 3788 1360 3870 (τῶν
1388 3787 1620 3874 ὀλιγαρχιῶν>
1654 3785 1686 3847 81
1714 3777 1993 3875 <ὀλιγαρχικᾶς>

234 3901 389 3978 πολιτείας
410 3901 642 3983 expectaverim.
688 3902 747 3967 Sed
767 3903 804 3967 de
826 3903 967 3969 omnibus
988 3903 1038 3968 his
1060 3906 1092 3968 et
1113 3905 1184 3969 aliis
1207 3904 1390 3987 quibusdam
1417 3906 1494 3970 locis
1515 3906 1577 3970 alio
1599 3907 1738 3986 tempora
1755 3901 1907 3964 rationem
1929 3897 1998 3962 red-

235 4021 322 4085 dam:
344 4038 424 4084 nunc
440 4037 502 4094 eos,
523 4018 561 4083 de
584 4019 693 4100 quibus
711 4021 811 4086 adhuc
832 4023 899 4088 tum
925 4023 1001 4089 alibi
1027 4025 1096 4089 lum
1126 4025 1158 4089 in
1186 4024 1328 4107 quinque,
1357 4043 1433 4107 quas
1462 4026 1597 4091 breviter
1617 4021 1753 4088 numeris
1774 4017 1878 4083 1-v
1901 4017 1998 4102 signi-

231 4139 338 4216 ficabo,
361 4138 670 4205 commentationibus
692 4141 875 4206 academicis
896 4143 1035 4222 disserui,
1056 4144 1089 4209 in
1111 4147 1274 4229 conspectu
1296 4163 1421 4228 ponam:

511 4529 518 4550 ·“
598 4516 661 4575 1⁴¹¹)-
680 4518 705 4576 ¹·
1374 4471 1427 4608 11
1445 4471 1632 4608 11848181.
1652 4547 1717 4621 xx,
1738 4547 1840 4622 μον.
1861 4548 1925 4607 ns.
1945 4547 1997 4620 eu.

230 4641 255 4682 c.
277 4626 302 4681 1.
323 4619 426 4692 ratae,
447 4618 498 4676 22:
517 4617 555 4692 11,
574 4619 601 4676 4.
1444 4625 1483 4698 Π,
1501 4626 1521 4682 4
1540 4641 1582 4699 sq.

231 4719 254 4759 c.
276 4699 302 4756 2.
323 4696 426 4770 1252a,
445 4696 497 4754 32:
516 4695 540 4768 Ι,
562 4695 583 4752 4
602 4711 642 4770 sq.
1246 4716 1252 4728 '
1370 4701 1415 4760 20,
1437 4702 1475 4758 22
1494 4719 1550 4776 sq.=
1569 4701 1608 4775 11,
1627 4701 1654 4758 4.

398 4773 426 4848 b,
446 4773 497 4831 12:
516 4772 539 4844 1,
559 4772 586 4829 5.
1369 4779 1408 4837 34
1426 4796 1501 4853 sqq:
1520 4778 1596 4837 Mus.
1609 4776 1663 4836 Rh.
1684 4777 1703 4836 l.
1722 4777 1741 4836 l.
1762 4777 1814 4850 Qu.
1834 4779 1857 4852 1,
1877 4779 1902 4836 3.

279 5127 283 5136 ·
400 5110 445 5177 17)
466 5109 518 5164 Gur
536 5109 601 5160 enim
618 5101 692 5178 ποριὶ
713 5105 751 5174 τρῖ
760 5105 864 5177 πλήθει
882 5100 1078 5174 εὐδοκιμοῦντες
1096 5121 1112 5160 a
1131 5109 1254 5161 8811188118
1272 5117 1416 5176 poscantur,
1434 5111 1495 5162 88118
1513 5127 1636 5178 superque
1654 5113 1744 5164 docent
1757 5111 1887 5176 sequentis
1898 5103 1994 5178 ὁροῖτος

230 5199 276 5258 τὸν
292 5195 377 5268 δῆμον
395 5190 491 5252 attale
509 5191 728 5264 prepotentissimus
745 5191 903 5263 προθιίμοιο,
922 5209 946 5243 v.
969 5199 998 5243 12
1018 5209 1055 5258 sq.
