4610 5840
966 357 1216 431 ..13-

212 580 247 635 et
273 571 357 652 quod
384 571 417 632 in
449 575 575 636 civitate
603 574 765 636 Platonica
793 574 946 653 degentes
974 590 1084 634 omnes
1105 574 1189 636 cives
1211 579 1336 636 nostros
1362 573 1511 634 habemus
1534 579 1589 636 aut
1609 579 1757 653 parentes
1777 580 1832 635 aut
1850 573 1966 637 iratres

213 700 270 754 aut
291 691 375 754 illios
398 697 431 752 et
451 694 482 753 id
504 693 628 772 quidem
651 713 690 756 eo
713 699 833 753 tontum
855 711 967 767 seusu,
991 711 1051 771 quo
1073 694 1197 766 cuncti,
1225 712 1289 754 non
1311 692 1428 772 singuli
1449 692 1569 772 aliquid
1590 709 1679 753 suum
1701 692 1760 752 sibi
1783 691 1968 754 vindicanti

212 811 326 874 Nonne
349 811 456 890 potius
478 832 570 873 causa
589 812 639 874 his
661 812 763 873 verbis
786 811 984 886 continetur,
1006 811 1120 890 quaid
1143 811 1243 892 ipsum
1265 811 1321 886 lit,
1345 819 1380 874 ut
1401 813 1438 872 ad
1462 810 1640 874 communia
1662 810 1853 890 negligenda
1872 813 1969 891 magis

213 931 365 1012 propensi
387 930 454 991 siut
476 929 621 990 homines
644 933 749 1011 imque
771 933 803 990 iu
825 931 952 991 ciritcte
974 930 1136 991 Platonica
1160 931 1285 990 minime
1308 949 1381 991 suos
1403 931 1541 992 curaturi
1566 929 1653 990 sint‘i
1696 929 1731 990 Si
1753 935 1855 990 autem
1877 948 1968 992 causa

213 1051 306 1112 huius
328 1052 375 1112 rei
397 1051 444 1110 eis
463 1051 659 1126 continetur,
679 1069 737 1129 pro
759 1039 801 1112 ἔτι
824 1068 894 1108 cum
916 1048 1167 1110 Bueclrelero
1190 1049 1388 1109 scribendum
1411 1068 1481 1110 esse
1503 1044 1582 1113 ἐπεὶ
1605 1051 1681 1110 saus
1703 1057 1844 1129 apparet.

380 1166 549 1230 Nonnullis
577 1168 646 1249 aliis
674 1167 867 1248 argumentis
898 1167 1093 1246 interpositis
1116 1163 1232 1238 1262&
1259 1163 1408 1241 tal-lu,
1440 1167 1473 1226 iu
1504 1169 1606 1249 capite
1638 1174 1777 1246 quarto
1802 1168 1907 1229 denuo
1931 1168 1970 1228 ad

215 1289 349 1368 primum
368 1287 449 1348 illud
469 1297 502 1348 et
523 1287 737 1366 gravissimum
762 1286 805 1346 ita
825 1287 909 1346 redit
929 1284 1128 1360 Aristoteles,
1152 1294 1185 1347 ut
1205 1287 1328 1347 auxiliis
1350 1293 1470 1346 tentum
1489 1286 1699 1365 subsidiisque
1720 1305 1790 1346 eum
1811 1285 1861 1346 his
1876 1304 1967 1346 usum

214 1425 283 1467 esse
312 1412 418 1485 pateat
448 1405 566 1486 illoque
589 1405 816 1484 quodammodo
838 1405 925 1483 quasi
953 1405 1001 1464 rei
1028 1404 1158 1465 cardine
1180 1424 1216 1465 ea
1238 1406 1343 1465 omnia
1370 1423 1431 1465 uua
1451 1405 1693 1485 comprehendi,
1721 1397 1803 1479 iiior,-
1829 1397 1862 1469 dh
1884 1427 1968 1488 συμ-

215 1519 338 1606 βαίνειν
366 1519 500 1608 ἀνοίγκη
523 1567 530 1584 .
552 1567 560 1584 .
584 1568 592 1584 .
616 1521 866 1607 πολιτευομένοις
892 1518 1005 1598 12620,
1033 1519 1210 1598 3-2422).
1262 1524 1472 1585 Nihilominus
1501 1529 1605 1584 tamen
1639 1522 1717 1583 illud
1746 1523 1848 1604 ipsum
1876 1523 1969 1584 simul

214 1644 315 1717 acuit,
338 1661 401 1703 uon
423 1643 515 1703 modo
537 1661 618 1717 non,
644 1643 676 1704 id
699 1644 780 1721 quod
803 1643 903 1704 solum
926 1647 1017 1701 antea
1040 1650 1107 1702 erat
1128 1644 1391 1716 demonstratum,
1415 1641 1630 1714 concordiem,
1655 1642 1782 1704 sedvel
1806 1642 1968 1702 maximam

217 1762 404 1823 discordiam
432 1761 516 1821 inter
542 1761 626 1822 cives
654 1762 818 1822 mulierum
846 1763 1079 1840 liberorumque
1102 1763 1318 1823 communione
1341 1767 1481 1841 paratum
1504 1759 1543 1821 iri
1565 1761 1746 1822 ostendens.
1790 1761 1877 1839 Quae
1898 1780 1968 1822 cum

216 1883 261 1944 ita
283 1883 358 1953 sint,
380 1881 476 1940 verbe
495 1899 574 1958 quae
595 1879 677 1940 hanc
698 1879 1003 1960 argumentationem
1018 1883 1210 1942 antecedunt
1230 1872 1312 1944 ἔοικε
1333 1874 1367 1944 di
1386 1876 1512 1962 μᾶλλον
1530 1883 1594 1954 τοῖς
1614 1883 1770 1965 γεωργοῖς
1788 1870 1870 1944 εἶναι
1890 1876 1968 1962 χρη·

218 2021 316 2082 σιμον
341 1993 375 2063 τὸ
402 1992 517 2072 κοινὰς
544 1989 624 2062 εἶναι
651 1995 709 2073 τὰς
737 2003 901 2084 γυναῖκας
928 1992 986 2062 καί
1014 1994 1088 2074 τοὺς
1112 2003 1229 2074 παῖδας
1249 1989 1269 2077 ἢ
1296 2001 1359 2072 τοῖς
1380 1993 1535 2080 φύλαξιν·
1558 1985 1651 2077 ἧττον
1671 1993 1738 2084 γὰρ
1760 1989 1850 2062 ἔσται
1872 1997 1962 2080 φιλία
2009 2009 2014 2014 ’

216 2117 335 2187 κοινῶν
360 2108 463 2182 ὄντων
490 2115 552 2180 τῶν
584 2113 704 2182 τέκνων
724 2111 781 2180 καί
804 2115 867 2181 τῶν
888 2117 1072 2202 γυναικοῖν,
1099 2121 1151 2184 δεῖ
1169 2112 1202 2182 δὲ
1223 2113 1384 2191 τοιούτους
1405 2107 1488 2181 εἶναι
1510 2112 1584 2192 τοὺς
1605 2113 1810 2201 ἀρχομένους
1829 2111 1906 2199 πρδς
1927 2110 1962 2179 sb

217 2239 405 2321 πειθαρχεῖν
424 2229 481 2299 καί
503 2233 547 2319 μὴ
569 2233 767 2320 νεωτερίζειν,
791 2235 873 2299 1262
882 2247 907 2312 ⁰,
928 2235 970 2298 40
983 2233 1056 2316 -i,
1079 2237 1111 2314 3,
1133 2239 1250 2316 quippe
1271 2237 1382 2314 quibus
1406 2235 1595 2310 declaretur,
1617 2236 1698 2297 hanc
1718 2236 1965 2297 communionem

218 2363 330 2438 utpote
352 2353 527 2415 discordiae
549 2359 678 2414 matrem
704 2355 859 2418 utiliorem
882 2357 967 2433 lore,
996 2359 1023 2420 si
1045 2356 1191 2439 agricolis
1210 2361 1295 2414 esset
1313 2360 1346 2414 et
1368 2355 1547 2434 opificibus,
1579 2358 1613 2414 ut
1635 2353 1791 2414 discordia
1812 2353 1967 2414 debilitati

219 2479 316 2556 magis
336 2479 466 2554 parcant
487 2473 604 2532 civibus
627 2475 753 2553 proprio
775 2476 902 2538 nomine
925 2477 1130 2557 appellandis,
1149 2469 1183 2540 dh
1204 2472 1357 2553 particula
1372 2471 1404 2532 in
1427 2468 1465 2552 δὴ
1482 2480 1597 2534 mutata
1612 2474 1701 2552 sequi
1717 2474 1822 2553 potius
1837 2491 1967 2533 necesse

220 2607 284 2673 est,
314 2592 498 2677 praesertim
527 2611 597 2652 cum
619 2593 813 2653 enuntiatum
836 2586 918 2669 ὅλως
939 2589 973 2660 δὲ
994 2621 1026 2660 sc·
1042 2600 1109 2660 τιλ.
1133 2614 1170 2654 ea
1191 2600 1310 2654 tantum
1332 2593 1365 2651 in
1387 2610 1483 2652 unum
1506 2591 1593 2670 quasi
1616 2591 1858 2671 complectatur,
1888 2610 1966 2670 quae

220 2719 338 2781 civibus
360 2710 472 2792 optimi
492 2709 569 2770 luris
590 2729 629 2770 en
650 2709 704 2769 illo
724 2713 942 2774 communione
964 2714 1161 2793 provenient,
1184 2730 1246 2772 non
1268 2728 1347 2790 quae
1370 2709 1410 2770 dc
1433 2709 1526 2788 plebe
1552 2709 1731 2770 hominibus
1752 2710 1965 2791 provenirent,

220 2842 246 2901 si
271 2833 354 2917 apud
381 2831 439 2891 hos
466 2847 534 2889 eam
558 2828 725 2888 instituere
747 2829 908 2890 maluisset
929 2830 1029 2893 Plato.
1072 2831 1197 2892 Partem
1218 2831 1284 2890 reri
1305 2829 1365 2888 iam
1387 2828 1467 2889 vidit
1488 2825 1758 2912 Thurotus²³),
1788 2847 1879 2908 quem
1902 2847 1966 2888 aon

220 2953 370 3020 refutarit
396 2942 690 3026 liocckerus24),
728 2948 809 3024 quod
838 2955 939 3010 lumen
966 2951 1060 3011 rerba
1086 2950 1141 3011 ille
1169 2941 1252 3014 ἔοικε
1281 2941 1315 3012 δὲ
1343 2946 1469 3030 μᾶλλον
1594 2943 1784 3030 νεωτερίζειν
1810 2949 1842 3008 ia
1873 2957 1968 3028 caput

222 3077 364 3159 quintum
384 3073 457 3149 post
477 3060 649 3130 κοινωνίαν
672 3061 786 3138 1264”,
809 3062 850 3126 40
873 3067 1040 3148 releganda
1063 3087 1132 3130 esse
1152 3073 1252 3148 putat,
1274 3068 1324 3127 six
1346 3066 1508 3144 quisquam
1531 3065 1605 3128 huic
1628 3066 1807 3127 sententiae
1828 3066 1966 3127 accedet.

384 3187 432 3248 ab
454 3202 583 3245 uxorum
605 3184 836 3267 liberorumque
858 3187 897 3248 ad
916 3188 1067 3249 bonorum
1084 3186 1333 3248 communionem
1354 3185 1387 3246 in
1405 3185 1466 3245 isto
1481 3185 1583 3266 capite
1607 3185 1743 3266 quinto
1764 3203 1799 3246 sc
1813 3183 1967 3245 convertit

222 3307 425 3378 Aristoteles,
456 3321 549 3383 quem
571 3301 686 3380 1263‘1,
709 3301 752 3365 20
772 3303 805 3365 in
827 3307 930 3368 verbis
951 3303 1208 3390 προσκρούομεν,
1234 3295 1281 3378 οἷς
1301 3307 1434 3368 πλεῖστα
1461 3301 1702 3388 προσχρώμεθα
1723 3299 1800 3388 πρὸς
1820 3299 1878 3378 τὰς
1898 3306 1966 3368 δια·

222 3427 334 3504 κονίας
354 3445 418 3488 uon
440 3420 697 3506 προσχρώμεθα,
727 3423 783 3484 scd
807 3421 1001 3508 χρώμεθα
1022 3425 1183 3506 scripsisse
1205 3422 1299 3483 lacile
1321 3422 1485 3483 credemus
1504 3421 1762 3483 Buechelcro.
1806 3421 1871 3484 Sed
1892 3440 1966 3502 gra·

222 3551 308 3613 aiore
333 3540 512 3622 corruptela
540 3541 673 3604 allectus
701 3549 750 3604 est
779 3542 866 3603 locus
894 3540 1010 3615 1263·,
1036 3539 1173 3606 35-37
1204 3533 1273 3606 οἷον
1301 3534 1358 3605 καί
1389 3539 1424 3604 ἐν
1451 3536 1668 3625 Λακεδαίμονι
1695 3543 1759 3615 τοῖς
1785 3564 1817 3607 rs
1841 3536 1968 3614 δούλοις

222 3666 365 3754 χρῶνται
393 3662 457 3733 τοῖς
484 3655 630 3739 ἀλλήλων
657 3655 700 3733 ὣς
727 3658 822 3724 εἰπεῖν
847 3654 905 3746 (ὡς
930 3668 1016 3724 recte
1040 3662 1127 3723 addit
1153 3655 1384 3742 Giphenius)
1412 3652 1516 3741 ι’δίοις,
1545 3649 1588 3722 ἔτι
1615 3654 1639 3724 δ’
1663 3651 1765 3733 ίπποις
1790 3651 1848 3724 καὶ
1868 3652 1966 3724 κυσίν

222 3777 288 3855 κᾶν
320 3776 479 3861 δεηθεῖσιν
509 3773 644 3860 ἐφοδίων
673 3777 707 3841 ἐν
740 3781 806 3853 τοῖς
844 3775 957 3864 ἀγροῖς
990 3775 1078 3845 κατὰ
1113 3777 1169 3860 τὴν
1199 3779 1330 3864 χώραν,
1365 3781 1399 3840 ἰιι
1430 3798 1491 3858 quo
1522 3778 1569 3838 vir
1600 3778 1736 3857 optimus
1770 3777 1966 3841 Ernestus

224 3907 270 3968 de
285 3897 517 3971 ΔΙιιιιιιινλιῖῡ)
545 3915 651 3976 neque
676 3897 786 3958 deesse
810 3915 901 3979 posse
923 3906 1010 3959 ratus
1031 3919 1135 3960 rerum
1163 3900 1200 3960 ab
1221 3899 1291 3960 aliis
1315 3917 1525 3978 possessarum
1547 3897 1755 3972 mentionem,
1783 3897 1896 3977 quibus
1921 3898 1967 3959 uti

225 4025 330 4092 liceat,
351 4017 379 4080 sl
401 4015 466 4076 ruri
488 3984 645 4076 alimentis
664 4021 806 4090 careant,
827 4021 861 4074 et
881 4013 1082 4077 Plutarchum
1105 4015 1180 4079 inst.
1203 4017 1274 4078 Lac.
1298 4037 1328 4098 p.
1343 4013 1453 4078 2380.
1474 4037 1518 4098 sq.
1541 4013 1616 4095 (252
1637 4017 1740 4091 Hutt.)
1762 4024 1836 4077 ante
1857 4017 1966 4077 oculos

224 4139 369 4205 hahuisse
389 4136 472 4196 hunc
486 4135 667 4196 Aristotelis
690 4133 802 4206 locrrm,
824 4152 893 4194 cum
912 4135 1053 4216 scripsit:
1074 4139 1137 4212 τοῖς
1157 4134 1220 4202 seio
1241 4132 1381 4216 πλησίων
1401 4131 1536 4210 οἰκέταις
1555 4132 1599 4211 ὡς
1616 4132 1705 4210 ἰδίοις
1724 4132 1870 4218 χρῆσθαι
1891 4124 1966 4210 ἔθος

224 4247 274 4341 ἧν,
295 4247 403 4320 είπου
426 4249 556 4328 δίοιντο,
578 4247 635 4319 καί
657 4248 734 4319 κυσί
754 4247 810 4318 καί
831 4245 942 4334 ίπποις,
963 4252 991 4316 εί
1008 4250 1053 4336 μὴ
1075 4252 1106 4318 oi
1121 4251 1271 4319 δεσπόται
1291 4253 1452 4340 χρῄζοιεν·
1471 4247 1528 4319 καί
1550 4251 1584 4318 ἓν
1606 4250 1700 4338 αἰγρῷ
1719 4247 1756 4318 δὲ
1773 4245 1808 4317 εί
1819 4277 1863 4330 τις
1882 4251 1966 4328 τινός

226 4371 350 4453 ἐλλιπὴς
371 4367 544 4458 γενόμενος
565 4367 704 4454 δεηθείη,
732 4367 866 4452 ἀνοίξας
893 4364 949 4435 καί
979 4369 1151 4455 βαστάσας
1172 4368 1211 4436 τὰ
1232 4368 1387 4450 ἐπιτήδεια
1409 4370 1466 4436 τοῧ
1486 4363 1632 4453 ἔχοντες,
1657 4367 1697 4436 τὰ
1720 4376 1847 4456 ταμιεῖα
1867 4397 1965 4458 σημη-

226 4493 364 4580 νάμενος
388 4487 584 4572 κατέλειπεν,
615 4491 751 4570 denique
777 4491 810 4551 in
840 4489 987 4552 auxilium
1014 4492 1131 4552 vocatis
1159 4491 1231 4551 libri
1258 4509 1278 4550 a
1306 4497 1473 4570 personato
1500 4489 1709 4571 Xenophonte
1737 4491 1779 4554 de
1806 4513 1873 4572 rep.
1893 4491 1965 4556 hac.

226 4615 337 4696 scripti
356 4611 405 4672 his
424 4608 526 4670 verbis
546 4605 591 4686 (0,
611 4605 632 4670 3
654 4614 713 4690 sq.)
734 4604 859 4688 danique
879 4603 914 4673 δδ
932 4601 989 4672 καί
1009 4605 1155 4690 οἰκέταις,
1176 4599 1210 4673 εί
1222 4632 1268 4682 τις
1288 4606 1424 4688 δεηθείη,
1444 4607 1590 4692 χρῆσθαι
1613 4603 1671 4674 καί
1692 4612 1756 4685 τοῖς
1776 4606 1963 4694 ἀλλοτρίοις·

388 4877 441 4946 aa)
460 4877 542 4930 Paulo
559 4885 616 4944 post
632 4878 650 4929 l.
663 4883 695 4930 tt
713 4895 759 4946 pro
776 4874 900 4948 γινόμενα
917 4893 1000 4932 uonna
1011 4879 1168 4932 scribendum
1180 4886 1218 4930 est
1232 4875 1416 4948 racipere?
1451 4876 1678 4944 Goottliugius
1690 4879 1794 4930 coniecit
1805 4875 1963 4948 γεννώμενα.

394 4965 441 5032 tt)
457 4963 509 5016 Iul
536 4979 561 5030 p.
572 4969 604 5014 tt
617 4979 662 5030 sq,
680 4965 723 5016 obi
741 4965 880 5016 serissima:
898 4965 939 5028 „11
955 4972 994 5017 est
1014 4966 1134 5031 singulier
1150 4963 1305 5030 qn'An'stoto
1321 4979 1429 5031 suppose
1446 4965 1478 5015 ici
1496 4979 1525 5016 oe
1543 4964 1605 5030 qu'il
1617 4965 1658 5016 u's
1676 4979 1721 5031 pas
1734 4980 1823 5016 encore
1836 4965 1964 5018 demones

228 5061 253 5107 st
269 5053 330 5122 qu’ll
348 5067 381 5103 ra
398 5051 547 5108 demontrat,
564 5050 581 5098 h
598 5049 681 5099 sevoir
697 5065 746 5114 que
763 5049 790 5100 ls
806 5051 980 5102 commonente
997 5051 1097 5103 raltcha
1112 5051 1137 5102 la
1153 5050 1205 5102 lisa
1222 5051 1266 5102 des
1283 5047 1412 5102 allectione
1430 5051 1462 5101 da
1477 5049 1597 5102 familie‘·

392 5135 440 5201 at)
458 5133 499 5184 Ds
516 5133 666 5200 quibusdam
683 5135 845 5187 Politicorunr
862 5135 1064 5189 Aristotelioruar
1083 5137 1153 5190 locis.
1189 5135 1285 5204 Grypb.
1307 5140 1379 5188 tttt.
1415 5153 1441 5202 p.
1455 5143 1479 5186 4.

390 5221 485 5288 as)1n
502 5219 638 5287 Philologo
655 5219 715 5272 XV.
750 5225 845 5287 psas.
933 5229 940 5242 ·
