4684 5830
1038 355 1243 404 -,..

268 543 389 608 τούτου
413 543 593 626 ι’ξιιιιμείιοις
616 543 701 625 optic
724 541 828 617 datur,
847 561 907 606 non
930 545 994 607 iam
1016 562 1083 607 eam
1106 545 1144 607 ob
1167 563 1290 610 caussam
1313 544 1496 610 reiciendum
1519 565 1586 610 esse
1608 547 1695 610 illum
1716 546 2027 628 Ditteubergeto

272 660 414 736 concedo,
435 662 506 742 quia
527 663 612 725 solus
633 663 719 726 illius
741 664 832 727 testis
848 665 890 727 sit
907 665 994 727 retus
1010 665 1176 746 interpres:
1193 665 1299 738 immo,
1323 683 1391 728 cum
1412 667 1642 748 praesertimne
1654 665 1856 748 ipsequidem
1872 665 2027 730 Ditten-

267 781 406 862 berger
428 780 460 844 iu
483 783 601 848 τούτοιν
624 800 742 864 quoque
765 782 963 846 difficultates
984 783 1085 846 inesse
1109 787 1208 866 neget,
1232 785 1301 846 utra
1322 785 1472 867 scriptura
1494 783 1615 848 tacilius
1638 785 1669 848 at
1690 783 1850 866 depravari
1872 803 1907 848 ex
1929 786 2027 850 altera

267 902 403 984 potuerit
424 903 455 965 et
475 899 631 966 emendari
652 903 756 982 queat,
780 901 984 983 quaerendum
1008 904 1066 966 cst.
1110 901 1176 965 Iam
1200 902 1357 984 equidem,
1381 903 1638 984 quemadmodum
1660 905 1779 970 τούτων
1802 905 1856 967 aut
1878 904 2026 986 explicem

268 1025 323 1084 aut
350 1021 501 1103 corrigam
521 1022 553 1084 et
575 1019 659 1101 quali
682 1020 781 1084 visin
803 1033 826 1086 Γ
848 1019 951 1084 codice
971 1020 1004 1083 in
1027 1021 1178 1097 τοιούτοις
1199 1022 1357 1088 trausierit
1378 1022 1634 1104 quemadmodum
1654 1021 1871 1090 demonstrem.
1895 1041 1945 1086 me
1966 1041 2026 1088 non
2052 1041 2058 1054 ⁸

269 1141 379 1204 habere
405 1140 569 1216 confiteor,
597 1141 703 1204 centra
731 1140 880 1214 τοιούτοις
908 1139 936 1202 ai
956 1139 1017 1202 fnit
1038 1139 1194 1222 antiquior
1216 1141 1318 1215 lectio,
1343 1141 1496 1223 corrumpi
1519 1117 1622 1224 potuit
1643 1144 1674 1206 in
1698 1143 1829 1220 τούτοις,
1853 1140 1970 1218 deiude,
1991 1143 2027 1206 ut

267 1259 488 1344 grammaticae
510 1259 690 1334 satisfieret,
715 1261 821 1326 contra
849 1275 973 1322 sensum
995 1259 1028 1322 in
1051 1261 1170 1326 τούτων
1193 1261 1316 1335 mutari,
1340 1279 1395 1324 nec
1417 1265 1481 1324 tam
1499 1260 1683 1342 ptanecaret
1701 1261 1829 1326 meliore
1845 1261 2027 1326 emendandi

219 1356 223 1364 ¹
266 1380 399 1444 ratione:
422 1398 494 1444 nem
515 1379 666 1444 incertum
681 1378 873 1460 quidemest,
895 1378 974 1460 quod
987 1378 1217 1461 ipseproposui,
1242 1381 1391 1456 τοιούτοις
1409 1375 1554 1460 <εἷιιοιι>
1575 1381 1770 1466 ιἰξιιιιμέιιοις,
1792 1379 1854 1454 sed,
1878 1379 1905 1444 si
1922 1397 2026 1444 rerum

268 1499 367 1572 video,
391 1517 487 1580 neque
509 1518 526 1562 a
547 1500 653 1581 lingue
675 1516 772 1580 neque
794 1517 812 1561 a
834 1497 987 1562 sententia
1007 1499 1151 1563 alienum.

436 1618 542 1701 Neque
569 1619 609 1694 11,
640 1622 666 1682 1.
698 1617 779 1682 1260
799 1619 827 1694 b,
854 1619 896 1680 40
925 1636 975 1680 me
1004 1618 1142 1700 poenitet
1171 1621 1309 1700 receptae
1335 1639 1354 1683 a
1378 1639 1428 1684 me
1449 1619 1666 1704 superstitibus
1686 1617 1774 1683 libris
1795 1618 2027 1682 adversantibus

268 1736 409 1814 omuibus
439 1757 492 1819 pro
522 1740 658 1805 τολιτιιόι
686 1756 704 1800 e
735 1751 759 1803 λ’
785 1738 927 1801 lectionis
952 1737 1047 1811 πόλις.
1101 1737 1141 1801 itt
1170 1757 1186 1800 e
1215 1738 1514 1820 Dittenhergeri
1544 1737 1667 1820 quidem
1695 1737 1796 1800 rubis
1829 1755 1888 1800 non
1919 1737 2026 1819 liquet,

268 1873 360 1937 qnam
390 1857 648 1940 significationem
676 1859 833 1940 impertire
859 1857 937 1921 velit
966 1859 1023 1921 hoo
1050 1858 1117 1920 loce
1140 1862 1277 1924 τολιτειόι
1301 1859 1406 1931 verbo,
1429 1856 1666 1942 Bonituius⁰)
1695 1875 1765 1922 vero
1787 1857 2027 1921 usitatissimam

267 1975 356 2040 illam
378 1977 505 2053 invenit,
526 1979 562 2041 ut
584 1977 626 2040 sit
649 1978 806 2052 „civitatis
828 1978 926 2041 torma
949 1978 980 2040 et
1000 1975 1103 2040 ordn‘·⁸
1135 1977 1187 2052 At,
1209 1977 1236 2038 si
1259 1977 1331 2057 quid
1347 1976 1444 2046 video,
1466 1980 1536 2060 post
1558 1976 1648 2040 rerba
1661 1974 1800 2058 proxime
1815 1975 2027 2040 antecedentia

267 2095 401 2182 ἀνάγκη
429 2097 496 2182 γὰρ
518 2092 581 2178 ἤτοι
606 2097 728 2164 πάντας
750 2097 877 2162 πάντων
901 2102 1064 2160 κοινωνεῖν
1091 2096 1164 2170 τοὺς·
1186 2096 1330 2179 πολίτας,
1355 2090 1371 2176 ἢ
1393 2095 1539 2180 μηδενός,
1562 2094 1581 2175 ἢ
1604 2097 1696 2160 τινῶν
1716 2093 1776 2178 μὲν
1799 2097 1892 2160 τινοῖν
1916 2095 1949 2162 δὲ
1970 2096 2025 2180 μὴ.

268 2214 302 2279 τὸ
328 2214 389 2302 μὲν
411 2207 470 2280 οὖν
491 2217 627 2300 μηδενὸς
647 2221 811 2282 κοινωνεῖν
833 2215 975 2298 φανερὸν
995 2215 1039 2291 ὡς·
1060 2215 1222 2282 ἀδύνατον
1245 2219 1286 2298 (λ.
1309 2215 1440 2297 37-40)
1472 2215 1625 2280 Sententia
1648 2214 1738 2278 huius
1754 2213 2027 2278 demonstrationis

266 2334 285 2412 ἦ
307 2333 374 2420 γὰρ
396 2336 532 2401 τολιτειά
552 2334 703 2402 κοινωνία
726 2333 769 2410 τίς
791 2336 855 2400 ἐστι
885 2334 968 2397 nulle
994 2335 1145 2398 alienasse
1172 2339 1276 2416 potest
1303 2335 1363 2398 nisi
1393 2335 1479 2398 haec:
1502 2335 1605 2412 „ciues
1629 2335 1711 2398 enirn
1734 2336 1837 2417 partes
1858 2336 1929 2398 snut
1950 2333 2027 2397 ciri-

266 2453 352 2529 tatis,
375 2453 485 2516 civitas
507 2461 611 2518 autem
633 2457 681 2517 est
704 2453 908 2516 communitas
927 2453 1112 2534 quaedam‘.
1134 2471 1229 2534 neque
1251 2471 1411 2535 assequor,
1436 2455 1587 2536 quomodo
1610 2455 1740 2518 termam
1763 2453 1867 2537 potius
1890 2453 2028 2532 ciuitatis

267 2572 523 2637 communitatem
544 2573 697 2655 appellare
718 2571 821 2647 lineat,
844 2589 913 2636 cum
936 2590 952 2634 e
977 2573 1129 2636 contrario
1152 2572 1307 2636 vinculum
1330 2575 1372 2638 sit
1392 2577 1469 2639 hanc
1491 2574 1746 2638 communitatem
1768 2575 1939 2646 conectens,
1960 2590 2025 2646 nec,

267 2695 295 2756 si
314 2694 422 2763 liccat,
445 2711 498 2757 cur
519 2691 564 2766 id,
588 2691 668 2772 quod
689 2691 958 2755 demonstrandum
981 2694 1047 2766 est,
1069 2711 1129 2756 non
1152 2692 1335 2776 simpliciter
1356 2711 1391 2757 ex
1412 2695 1480 2776 ipse
1501 2694 1653 2769 ciuitatis,
1676 2693 1762 2756 cuius
1784 2691 1923 2756 membra
1945 2693 2027 2756 ciues

267 2815 347 2884 sunt,
384 2813 438 2876 sed
468 2813 526 2876 tali
557 2812 685 2894 ambage
714 2831 730 2876 e
757 2813 872 2876 formae
904 2811 1028 2876 demum
1056 2812 1194 2876 civitatis
1214 2813 1322 2876 nutura
1343 2813 1505 2878 derivetur.
1551 2814 1591 2877 dt
1611 2813 1727 2876 iaciunt
1748 2829 1870 2876 mecum
1889 2811 2027 2894 proxime

267 2933 426 3023 dequeutitt
455 2929 509 2998 nni
540 2931 662 3014 πρῶτον
690 2931 823 3017 ἀνάγκη
846 2935 902 2996 τοῦ
926 2934 1024 2998 τόπον
1046 2939 1220 2998 κοινιιτνεῖν.
1266 2932 1283 2998 ὁ
1305 2931 1364 3016 μὶν
1385 2933 1452 3020 γὰρ
1473 2933 1566 3000 τόποι·
1587 2926 1630 3005 εἷς·
1651 2933 1668 2999 ὸ
1691 2933 1743 3014 τῆς·
1764 2933 1841 3015 μιᾶς
1864 2931 2036 3006 πόλεως,ι

266 3055 297 3117 οἱ
323 3051 356 3118 δὲ
383 3059 504 3117 πολῖται
533 3049 680 3118 κοινωνοὶ
709 3052 763 3119 rsa·
790 3051 866 3135 μιᾶς
894 3053 1051 3125 πόλεως.
1096 3051 1180 3116 ἀλλὰ
1210 3049 1339 3136 πότερον
1368 3047 1455 3117 ὅσιον
1483 3054 1644 3135 ἐπιδέχεται
1668 3053 1874 3132 κοινωνῆσαι,
1898 3051 2027 3116 πάντων

265 3174 388 3256 βέλτιον
414 3210 453 3218 -
479 3173 639 3254 ἐνδέχεται
671 3170 738 3257 γὰρ
770 3170 824 3236 καὶ
861 3173 980 3238 τέκνοιν
1012 3171 1069 3238 καὶ
1102 3173 1272 3258 γυναικοῖν
1305 3169 1360 3236 καὶ
1394 3174 1562 3256 scripserimus
1596 3177 1760 3237 κοινωνεῖν
1795 3170 1870 3244 τοὺς
1900 3170 2029 3244 πολίτας·

266 3292 307 3374 (r.
330 3289 447 3366 40-b,
478 3291 519 3374 5).
548 3293 659 3373 quippe
686 3292 718 3354 in
747 3291 857 3372 quibus
889 3289 968 3354 haud
1000 3289 1090 3353 dubie
1112 3307 1172 3352 non
1192 3289 1229 3353 de
1251 3289 1321 3365 alia,
1345 3289 1396 3352 sed
1419 3289 1456 3351 de
1480 3290 1586 3353 eadem
1608 3289 1829 3353 communitate
1853 3306 1952 3352 sermo
1975 3289 2027 3363 sit,

265 3413 301 3475 ut
323 3410 493 3473 accuratius
518 3411 719 3486 examinetur,
742 3412 779 3474 ed
803 3430 877 3493 quas
901 3411 1025 3474 mndem
1050 3427 1098 3471 res
1120 3409 1199 3473 hanc
1220 3410 1320 3490 ipsam
1340 3409 1604 3481 communitatem,
1627 3428 1663 3472 ex
1684 3426 1743 3491 qua
1765 3412 1885 3472 constet
1907 3408 2027 3516 ciuitas,

267 3529 317 3592 rel
349 3529 501 3612 pertinere
537 3529 586 3593 vel
613 3549 672 3593 non
700 3533 852 3614 pertinere
881 3549 1003 3594 necesse
1039 3531 1090 3592 sit.
1135 3529 1244 3592 Restat
1272 3529 1382 3611 igitur,
1410 3533 1447 3591 ut
1467 3531 1619 3612 τολιτειό,
1648 3529 1679 3592 id
1702 3527 1782 3610 quod
1804 3527 1958 3592 interdum
1982 3528 2027 3600 tit,

267 3648 375 3713 endem
396 3649 458 3712 tere
479 3668 578 3726 sensu,
600 3667 659 3731 quo
680 3650 858 3732 plerumque
879 3652 967 3724 τόλις
988 3651 1162 3732 usurpatur,
1184 3647 1358 3712 adhibitum
1379 3649 1437 3712 hoc
1458 3650 1524 3712 loco
1547 3649 1589 3713 sit
1603 3649 1641 3712 ed
1657 3648 1757 3731 ipsam
1773 3647 1887 3712 civium
1905 3647 2027 3711 unirer-

265 3771 394 3834 sitatem
414 3767 654 3852 significandam.
697 3770 741 3831 At
762 3786 822 3831 non
843 3767 946 3844 video,
968 3787 1021 3833 cur
1042 3770 1074 3831 in
1098 3769 1205 3832 eadem
1227 3769 1492 3851 argumentatione
1513 3768 1649 3832 eiusdem
1671 3767 1717 3830 rei
1738 3783 1797 3831 nun
1820 3767 1924 3830 eadem
1945 3785 2027 3830 senr-

265 3906 319 3972 per
339 3887 563 3972 significatione
584 3905 657 3950 usus
677 3887 848 3951 orationem
869 3887 914 3952 ita
936 3888 1145 3952 obscuraverit
1158 3887 1368 3971 philosophus,
1390 3888 1426 3950 ut
1442 3886 1491 3950 vel
1506 3884 1692 3950 Bonitzio
1714 3885 1905 3968 peritissimo
1919 3887 2027 3950 hamum

265 4027 367 4072 rerum
390 4009 485 4072 iudici
504 4005 642 4071 taudem
659 4007 774 4072 decerit.
804 4006 890 4086 Quod
913 4008 940 4070 si
962 4008 1137 4071 coniectura
1160 4025 1235 4089 opus
1257 4009 1347 4080 esset,
1370 4006 1407 4069 ab
1430 4023 1465 4068 ee
1484 4007 1679 4081 abstinerem,
1703 4006 1750 4069 sin
1772 4008 1908 4088 optimus
1924 4006 2026 4085 codex,

263 4147 285 4192 a
311 4146 370 4209 qun
399 4129 464 4190 solo
493 4130 614 4210 saepius
636 4130 765 4212 pristina
793 4128 885 4192 lectio
913 4129 1033 4190 serrata
1056 4130 1117 4201 est,
1140 4126 1172 4190 id
1195 4127 1292 4202 offert,
1317 4144 1376 4209 quo
1400 4130 1608 4212 indigeamus,
1630 4127 1732 4191 rrcscio
1756 4145 1809 4190 cur
1826 4128 1920 4192 nimis
1938 4128 2028 4191 anxie

265 4247 460 4330 repudiemus
480 4249 511 4312 in
532 4266 661 4332 magnac
683 4252 855 4312 ceterorum
876 4247 1024 4310 librorum
1045 4246 1258 4312 multitudinis
1278 4249 1434 4314 honorem.

433 4367 529 4432 Paulo
550 4371 621 4449 post
642 4367 682 4432 ΙΙ.
706 4371 734 4430 2.
757 4368 834 4434 1261
860 4387 887 4444 a,
911 4369 947 4429 21
974 4387 1018 4449 sq.
1047 4369 1079 4431 in
1106 4367 1206 4432 verbis
1233 4364 1305 4434 ὥστ’
1335 4371 1362 4434 sr'
1387 4368 1442 4435 καὶ
1468 4371 1603 4440 δυνατός·
1626 4395 1669 4444 τις·
1692 4361 1736 4446 εἴη
1761 4367 1853 4431 τοῦτο
1871 4369 1964 4450 δρᾶν,
1987 4366 2026 4432 cu'r

265 4487 408 4565 ποιητέον
435 4504 488 4551 eur
508 4491 535 4553 si
555 4486 610 4554 mi
632 4488 725 4552 lectio
747 4487 837 4552 alteri
859 4490 887 4553 ει·
908 4505 927 4550 a
948 4500 972 4553 Γ
994 4486 1039 4549 Ms
1068 4487 1279 4570 suppeditatas
1301 4487 1495 4572 praeter-enda
1517 4487 1568 4563 sit,
1590 4485 1694 4549 docuit
1718 4483 2025 4567 Dittenberger:

265 4623 324 4670 non
351 4606 446 4688 igitur
468 4605 685 4671 secludendum
706 4605 785 4670 mihi
808 4609 872 4670 erat
894 4603 966 4673 κοὶε
989 4606 1125 4670 sufficiet
1147 4609 1250 4670 tamen
1272 4606 1367 4672 etiam
1388 4607 1502 4672 nudum
1525 4609 1561 4690 οἱ,
1582 4605 1620 4669 cf.
1636 4606 1691 4682 111,
1717 4605 1765 4668 16.
1783 4603 1864 4666 1287
1879 4603 1907 4676 b,
1923 4605 1942 4666 o
1959 4623 2025 4685 sqq.

266 4719 339 4792 ὥστ’
368 4729 396 4791 εἰ
422 4727 484 4791 τιιῖν
512 4727 596 4794 κατὰ
620 4729 800 4812 ’γράμματα
818 4721 989 4809 ὅνδρωπος·
1012 4718 1126 4810 «foxum
1148 4725 1396 4812 ἀσφαλέστερος,
1418 4727 1486 4793 ἀλλ’
1511 4727 1550 4792 οὐ
1572 4728 1634 4792 τῶν
1654 4726 1737 4793 κατὰ
1762 4725 1795 4792 τὸ
1818 4721 1903 4809 ἔθος,
1926 4725 1978 4789 ubi
2001 4727 2028 4791 rr

265 4846 356 4928 plane
383 4847 532 4911 omittunt
561 4849 609 4919 [1².
640 4849 667 4912 εἰ
694 4844 748 4913 κο)
773 4865 921 4930 nusquam
942 4845 1192 4929 deprehenditur,
1220 4847 1359 4930 quumvis
1382 4848 1502 4922 eedem,
1533 4865 1593 4929 qua
1617 4845 1896 4928 Dittenbcrger
1916 4845 2024 4920 utitur,

265 4967 499 5051 argumentandi
526 4967 643 5030 ratione
669 4967 726 5030 hoc
756 4985 874 5048 quoque
900 4967 966 5031 luco
990 4967 1143 5048 requirere
1166 4984 1326 5047 queamus.
1351 4971 1381 5031 et
1405 4967 1439 5043 V,
1465 4969 1511 5032 10.
1536 4965 1805 5047 1312a‚37sqq.
1843 4965 2025 5030 Germanice

549 5132 683 5140 -.-—-—-

432 5223 459 5290 9)
478 5223 508 5276 Ιι.
527 5225 545 5278 1.
564 5239 590 5292 p.
608 5223 692 5278 cleb.
712 5223 743 5276 15
761 5239 799 5290 eq
