4610 5840
973 391 1017 406 ..
1075 347 1223 422 17.-

217 571 465 654 praetermisisse
494 566 648 648 putandus
681 585 784 646 neque
806 562 1069 648 dicterium)
1097 561 1270 624 audiendus
1296 567 1363 638 ost,
1390 561 1440 623 cui
1461 552 1538 635 ίσως
1564 577 1620 640 pro
1649 552 1739 635 ίσους
1765 560 1962 622 scribendum

216 712 287 754 csse
308 690 447 752 videtur:
477 689 570 748 immo
591 704 660 746 cum
683 687 729 746 sic
749 679 826 759 ἴσως
847 683 1013 764 cogitando
1037 683 1213 744 addendum
1235 689 1318 744 esset
1339 683 1432 742 etiam
1455 682 1487 741 in
1511 681 1605 742 tertio
1629 682 1766 743 membro
1787 671 1836 744 sii
1849 679 1887 745 ἐκ
1902 677 1964 743 τῶν

215 805 340 892 τρίτων,
369 807 462 870 huius
481 803 611 866 membri
633 802 785 884 particula
806 809 924 862 tantum
945 800 1060 862 tierent
1079 803 1172 862 verba
1193 795 1273 878 πλὴν
1294 797 1454 864 αὐτοῖσιν
1474 795 1657 884 ἔτιοίνομκες
1683 795 1828 870 <δλλ’>
1862 791 1880 879 ί]
1901 801 1964 874 τοῖς

215 928 252 993 ἐκ
274 925 337 993 τῶν
359 923 452 1008 τριῶν
477 918 661 1008 τιμημάτων
689 921 812 1000 totique
839 921 1016 980 sententiae
1039 920 1214 1000 tripartitus
1243 917 1407 1002 αἱροῦνται
1424 912 1485 1002 pin
1506 915 1573 1002 peip
1596 969 1602 983 .
1626 967 1632 978 .
1652 967 1659 982 .
1682 917 1744 984 τῶν
1766 919 1859 1003 τριῶν
1881 945 1965 1003 τιμη-

215 1043 327 1129 μάτων
347 1043 491 1124 opposita
512 1047 598 1102 esset
618 1040 717 1100 altera
738 1035 776 1103 ἐκ
797 1031 831 1103 dl
852 1034 1054 1122 τετάρτου..
1077 1081 1086 1100 .
1106 1033 1269 1120 δευτέροις,
1291 1046 1326 1098 ut
1347 1031 1391 1118 dl,
1413 1057 1473 1116 quo
1498 1036 1576 1098 hacc
1597 1037 1784 1111 adnectitur,
1805 1057 1869 1100 non
1884 1036 1965 1119 eliso

215 1163 294 1226 illud
326 1161 499 1243 particulae
525 1154 586 1244 μλν
608 1157 833 1240 responderet,
866 1175 902 1216 ao
924 1157 950 1216 si
980 1157 1107 1217 libertus
1138 1165 1257 1217 tactum
1282 1155 1314 1216 in
1341 1161 1467 1235 quartae
1493 1155 1601 1216 classis
1628 1157 1801 1218 candidatis
1824 1155 1989 1218 creandis

217 1283 332 1344 tertiae
355 1289 543 1361 quartaeque
565 1278 682 1338 civibus
699 1294 856 1350 concessa,
876 1294 937 1336 non
960 1276 1035 1335 item
1057 1274 1164 1334 eadem
1182 1275 1212 1334 in
1235 1274 1359 1334 delectu
1381 1273 1506 1335 etertia
1529 1274 1628 1335 classe
1649 1273 1792 1336 babendo
1806 1277 1967 1355 quartanis

217 1401 394 1464 condonata
416 1397 605 1478 oligarcbica
626 1407 721 1458 esset.
762 1395 908 1456 Fortasse
931 1403 1032 1455 tamen
1057 1402 1128 1473 post
1150 1390 1272 1476 πρῶτον
1293 1393 1409 1453 excidit
1430 1391 1567 1476 πρῶτον,
1590 1402 1739 1473 punctum
1762 1402 1882 1472 autem,
1905 1416 1965 1476 quo

218 1520 392 1581 orationem
419 1516 564 1577 incidunt
590 1513 728 1576 editores
758 1521 831 1574 ante
850 1509 949 1594 aliqu,
979 1513 1048 1573 sinc
1075 1512 1168 1572 dubio
1197 1514 1228 1572 in
1258 1511 1347 1571 colon
1376 1520 1429 1572 aut
1458 1530 1575 1571 comma
1595 1513 1775 1574 mutandum
1803 1521 1861 1578 est.
1904 1515 1967 1579 ianr

220 1645 320 1700 totum
341 1637 442 1696 locum
459 1634 645 1696 Germanice
666 1635 711 1695 sic
726 1632 794 1694 iere
814 1631 940 1693 reddas:
960 1629 1198 1710 „Oligarchisch
1219 1631 1261 1691 ist
1280 1631 1355 1692 aber
1368 1628 1448 1690 aucb
1470 1629 1521 1692 die
1536 1629 1628 1692 Wabl
1645 1631 1700 1693 des
1714 1631 1834 1695 Ratirea
1856 1634 1968 1716 einge-

219 1754 347 1817 rlcbtet
390 1753 462 1814 Alie
475 1753 595 1831 Biirger
616 1750 753 1812 nimlicb
775 1749 896 1810 wiblen
917 1766 998 1808 zvar
1012 1747 1162 1808 aunicbst
1189 1767 1244 1808 aus
1259 1748 1316 1808 der
1337 1755 1442 1810 ersten
1465 1749 1529 1810 und
1544 1749 1662 1812 sodann
1686 1771 1741 1812 aus
1765 1752 1822 1816 der
1835 1755 1967 1816 uuolton

220 1872 517 1952 Scbatnungsclasae
533 1871 584 1930 dic
599 1869 722 1948 gleicbe
739 1867 820 1928 Zahl
840 1887 899 1927 von
917 1865 1083 1939 Minoem,
1108 1867 1189 1927 dann
1209 1865 1317 1928 iernen
1339 1867 1457 1927 ebenso
1472 1868 1551 1928 auch
1572 1888 1628 1930 arrs
1650 1871 1707 1931 der
1722 1871 1851 1948 dritten,
1872 1873 1967 1936 allein

220 1993 290 2054 bier
318 1991 388 2052 sind
426 2010 463 2050 νιι
490 1990 548 2050 ιλιι
572 1987 665 2048 Wahl
696 1987 792 2048 scbon
822 1985 911 2046 niclrt
937 1985 1028 2046 melu·
1055 1985 1116 2045 alle
1140 1985 1276 2064 Birrger,
1304 1986 1442 2048 sondcrn
1469 2005 1530 2048 nur
1560 1987 1612 2048 die
1648 1989 1705 2049 der
1736 1990 1804 2051 drei
1832 1988 1968 2076 (ersten)

221 2108 538 2189 Sobatauugsclessen
554 2107 764 2188 verpiiichtet,
786 2105 850 2165 und
869 2123 923 2164 sus
939 2104 995 2164 der
1014 2105 1134 2164 viertec
1161 2103 1291 2165 endlicb
1312 2123 1367 2184 ger
1386 2103 1463 2184 liegt
1484 2123 1545 2166 nur
1565 2106 1648 2168 nocb
1670 2107 1730 2168 den
1747 2109 1889 2189 Bbrgcrn
1913 2111 1970 2172 der

222 2235 329 2292 ersten
352 2227 415 2290 und
440 2226 572 2287 aweiten
597 2226 647 2287 die
670 2225 912 2304 Verpliichtung
928 2243 966 2284 au
988 2223 1109 2284 wiblen
1134 2223 1206 2284 ob.“

390 2345 424 2408 in
446 2345 650 2406 recensendis
673 2343 807 2404 Pheleae
828 2342 964 2422 placitis,
987 2361 1065 2420 quac
1085 2343 1245 2404 materiam
1268 2343 1447 2424 disputandi
1463 2345 1626 2408 Aristoteli
1645 2349 1845 2426 praebentis
1868 2351 1971 2432 capite

224 2467 414 2548 septimo,
439 2483 510 2526 cum
540 2464 579 2524 de
606 2463 698 2524 variis
726 2462 829 2542 legum
857 2461 1023 2540 generibus
1051 2479 1153 2522 sermo
1179 2462 1234 2535 sit,
1263 2481 1340 2541 quae
1367 2465 1414 2525 rei
1441 2463 1604 2526 familiaris
1628 2467 1789 2547 augendae
1817 2480 1850 2530 et
1876 2471 1970 2532 dimi-

224 2583 369 2646 nuendae
391 2588 578 2663 potestatem
603 2586 779 2653 coerceant,
802 2579 983 2640 vinitorum
1005 2598 1154 2658 generum
1177 2600 1271 2642 unum
1290 2579 1322 2644 oi
1334 2578 1426 2666 culpor
1448 2582 1601 2663 appellari
1614 2591 1730 2664 potest,
1752 2592 1787 2647 nt
1801 2590 1969 2650 secundnm
2023 2582 2031 2588 ’

223 2704 367 2766 traditam
390 2701 558 2764 lectionem
574 2701 610 2761 tit
626 2695 736 2774 ituci,
761 2695 810 2774 19,
832 2699 1028 2776 quamobrem
1050 2704 1137 2758 recte
1159 2699 1235 2759 milri
1251 2699 1521 2762 Bnecbelerus
1535 2701 1709 2764 coniecisse
1721 2704 1846 2766 videtur
1861 2697 1970 2773 ίνιοι.

199 2835 203 2846 ’
225 2823 325 2884 'i'otus
342 2827 445 2882 sutem
466 2820 553 2881 locus
569 2817 590 2878 l.
604 2814 730 2878 14-24
745 2818 861 2878 rectius
877 2817 922 2877 ita
935 2815 1179 2896 interpungitur,
1199 2836 1269 2878 cum
1283 2814 1350 2880 ἀλλ’
1374 2819 1497 2880 demum
1515 2818 1534 2879 l.
1548 2817 1592 2882 24
1612 2822 1789 2902 oppositum
1812 2823 1855 2885 ait
1869 2828 1971 2905 parti-

225 2939 304 3002 culis
317 2933 377 3024 plu
390 2926 452 3001 οὖν
473 2937 493 2997 Ι.
509 2933 566 2996 14:
589 2932 665 3000 διότι
686 2931 746 3018 μέν
758 2923 817 2998 οὖν
840 2925 905 3014 ἔχει
926 2929 997 3002 τινὰ
1013 2930 1151 3018 δύναμιν
1172 2933 1215 3008 είς
1229 2932 1286 3014 τὴν
1299 2931 1460 3016 πολιτικὴν
1473 2935 1646 3004 κοινωνίαν
1660 2936 1679 3020 ἡ
1694 2939 1747 3020 τῆς
1759 2937 1875 3019 οὐσίας
1886 2939 1972 3028 ὃμοι-

225 3058 327 3138 λδτης,
347 3050 404 3121 καί
425 3055 488 3119 τῶν
513 3051 612 3118 πάλαι
635 3046 715 3126 τινές
725 3049 896 3135 φαίνονται
917 3049 1133 3138 διεγνωκότες,
1153 3043 1221 3116 οἷον
1241 3050 1345 3118 Σίλων
1366 3051 1597 3139 ίνομορίτησεν
1617 3051 1674 3123 κοιλ
1696 3055 1759 3143 παρ
1781 3049 1888 3138 δίλλοις
1907 3059 1973 3128 dccl

226 3173 325 3260 νόμος
346 3164 381 3249 ic
401 3169 515 3238 κωλύει
541 3171 686 3245 κτᾶσθαι
707 3167 772 3254 γῆν
793 3161 874 3249 δσηυ
888 3159 932 3234 δν
951 3165 1106 3254 βούληταί
1117 3195 1172 3247 τις,
1193 3166 1310 3254 ὁμοίως
1330 3165 1365 3237 dl
1385 3167 1443 3236 καί
1459 3168 1515 3252 τὴν
1529 3169 1646 3240 οὐσίαν
1661 3182 1775 3242 πωλεῖν
1795 3170 1890 3245 ἔνιοι
1911 3207 1974 3247 κω·

226 3293 371 3370 λύουσιν,
391 3284 497 3374 ῶσπερ
511 3288 546 3354 ἐν
559 3293 693 3374 Λοκροῖς
714 3285 812 3374 νόμος
824 3283 890 3354 ἐστί
910 3284 954 3373 μὴ
968 3292 1092 3371 ττιολεῖν,
1113 3287 1171 3354 ἐὰν
1183 3289 1229 3372 μὴ
1244 3286 1389 3374 φανερὰν
1404 3287 1545 3373 ciromines
1559 3291 1643 3378 δείξῃ
1658 3303 1910 3382 συμβεβτμιυῒον,
1930 3291 1973 3366 ἔτι

226 3405 261 3476 dl
272 3405 345 3486 τοὺς
355 3403 511 3482 παλαιοὺς
525 3403 662 3488 κλήρους
676 3403 844 3484 διασώζειν
858 3405 964 3482 (τοῦτο
978 3401 1012 3471 dl
1026 3401 1126 3482 λυβλν
1147 3400 1204 3473 καί
1217 3403 1284 3490 περὶ
1297 3407 1500 3475 monetam.
1514 3408 1680 3495 βαδίζειν)·
1700 3411 1768 3478 ἀλλ’
1784 3407 1849 3481 ἔστι
1863 3444 1894 3483 τι.
1907 3443 1932 3483 τ,
1943 3426 1974 3483 λ.

393 3527 560 3588 Praeterea
586 3525 647 3587 loci
671 3521 789 3598 12670,
817 3521 836 3586 7
859 3543 903 3604 sq.
933 3521 1162 3605 ἀδικήσωσιν,
1190 3523 1230 3590 οὐ
1252 3521 1360 3592 τοίνυν
1384 3523 1439 3594 διὰ
1463 3525 1581 3610 ταύτην
1600 3527 1719 3610 μόνον,
1744 3529 1829 3600 ἀλλὰ
1854 3533 1911 3602 καί
1931 3527 1976 3602 ῶν

227 3647 410 3730 destoneles
437 3643 687 3707 emendationem
715 3654 888 3724 praeeunte
917 3643 1180 3719 Schneidero,
1207 3645 1259 3722 qui
1287 3633 1331 3709 δν
1356 3640 1402 3730 μὴ
1425 3645 1624 3732 ἐπιθυμῶσιν
1650 3653 1791 3733 scripsit,
1817 3655 1975 3738 aiioje·

228 3765 339 3828 aenio
365 3771 398 3826 et
424 3763 606 3825 iiassovio
634 3762 808 3823 inchoatam
837 3762 964 3842 egregie
990 3762 1169 3823 coniectura
1188 3753 1268 3828 ἄνευ
1288 3761 1517 3849 ἕτιθυμιῶνᾞ
1545 3767 1681 3848 perfecit
1701 3771 1975 3837 Buechelerus

229 3903 286 3965 pro
310 3883 508 3945 consecutiva
529 3881 684 3962 particula
704 3877 812 3946 τοίνυν
835 3881 1017 3962 restituens,
1036 3901 1126 3961 quam
1144 3901 1260 3972 ⁴seusus
1282 3884 1425 3962 requirit,
1441 3886 1660 3950 adversativam
1682 3887 1825 3974 μέντοι.

395 4002 458 4063 Sed
482 4001 636 4080 quomodo
663 4001 876 4061 emendandus
896 4001 938 4061 sit
964 3999 1051 4062 locus
1082 4002 1114 4062 in
1140 4001 1232 4063 initio
1252 4003 1364 4083 capitis
1391 4005 1522 4065 octavi
1543 4007 1680 4086 positus,
1706 4029 1767 4089 quo
1787 4010 1975 4092 Hippodami

229 4122 354 4183 babitus
376 4127 525 4181 externus
541 4117 738 4193 describitur,
762 4113 873 4196 leoli,
893 4115 935 4180 25
950 4139 996 4199 sq.
1018 4117 1136 4203 τριχῶν
1152 4141 1183 4183 τε
1199 4117 1311 4200 πλήθει
1331 4117 1389 4187 καί
1408 4120 1522 4206 κόσμῳ
1544 4132 1708 4192 πολυτελεῖ
1726 4121 1769 4193 ἔτι
1790 4125 1824 4195 dl
1842 4129 1977 4214 ἐσθῆτος

229 4237 374 4315 εὐτελοῦς
404 4233 464 4322 μὶν
489 4233 630 4315 ἀλεεινῆς
657 4229 709 4313 di,
741 4236 791 4296 vix
819 4245 904 4298 certo
938 4235 1093 4318 explorari
1121 4245 1236 4319 potest.
1280 4239 1475 4304 omittuntur
1507 4243 1632 4322 quidem
1658 4247 1750 4307 cerba
1777 4243 1834 4314 καὶ
1861 4248 1976 4338 τιίσμῳ

230 4361 395 4425 πολυτελεῖ
416 4358 499 4437 apud
521 4355 711 4416 Guilelmum
739 4363 772 4417 et
800 4357 831 4417 in
855 4357 1012 4419 continuis
1033 4357 1077 4417 1¹¹
1106 4359 1208 4420 verbis
1233 4357 1280 4444 (in
1304 4361 1444 4441 margine
1469 4363 1552 4423 enim
1580 4363 1766 4444 adduntur),
1790 4386 1921 4449 cumque
1943 4381 1978 4434 et

232 4476 277 4538 1³¹
297 4487 330 4538 et
353 4475 503 4536 Guilelmi
526 4473 678 4534 versionis
699 4474 844 4536 recensio
867 4475 1029 4538 Thomana
1051 4496 1157 4539 eorum
1179 4477 1249 4539 loco
1270 4479 1406 4542 babeant
1433 4473 1491 4546 κοιλ
1511 4478 1628 4566 ιιίμης,
1654 4485 1736 4563 quod
1765 4493 1815 4548 est
1835 4495 1975 4569 apertum

232 4595 387 4675 glossema
408 4592 447 4652 ad
469 4589 587 4673 τριχῶν
613 4587 726 4668 πλήθει
748 4594 930 4673 pertinens,
957 4613 996 4657 ex
1018 4613 1056 4655 eo
1079 4597 1164 4675 ipso,
1193 4603 1357 4676 postquam
1379 4598 1410 4661 ln
1435 4607 1553 4661 textum
1578 4601 1724 4683 irrepsit,
1752 4604 1846 4667 iacile
1873 4610 1978 4687 potuit

234 4713 388 4792 originem
423 4709 578 4772 deducere
608 4717 788 4772 correctura
813 4709 927 4797 κόσμῳ
934 4761 945 4796 ,
982 4713 1097 4775 deiude
1122 4715 1214 4776 etiam
1243 4721 1407 4782 πολυτελεῖ
1427 4720 1577 4782 attributo
1602 4729 1707 4799 aucta,
1740 4723 1790 4784 cul
1818 4724 1979 4787 addendae

233 4828 377 4906 εὐτελοῦς
403 4829 487 4890 cocis
508 4828 719 4908 dittograpbia
747 4849 852 4893 ansam
880 4851 948 4896 esse
971 4831 1071 4894 datam
1096 4832 1248 4895 credibile
1276 4843 1339 4897 ests
1363 4837 1418 4898 sed
1446 4857 1518 4900 num
1541 4829 1583 4904 ln
1604 4833 1639 4906 δλ
1665 4847 1726 4902 tam
1749 4842 1856 4923 paucis
1875 4845 1979 4906 verbis

400 5095 447 5163 at)
467 5095 508 5154 De
525 5093 669 5150 Aristotelia
687 5097 844 5164 politicorum
862 5099 940 5162 libris,
957 5099 1040 5154 Bona.
1061 5105 1135 5153 1811.
1152 5117 1177 5167 p.
1198 5105 1243 5156 iti
1264 5118 1302 5168 aq.

402 5181 448 5247 116)
466 5180 524 5249 Qua
541 5182 572 5234 de
590 5197 617 5233 re
634 5182 666 5234 ci.
687 5198 751 5248 quaa
769 5185 887 5236 adnotavi
902 5186 928 5236 in
945 5185 1023 5237 dsbn.
1042 5201 1100 5238 ann.
1119 5188 1136 5238 i·
1155 5189 1172 5240 1.
1190 5206 1216 5256 p.
1235 5195 1294 5240 tto.
1360 5189 1361 5192 ’
