4610 5840
1083 362 1337 436 „12-

332 587 447 643 tuatur.
493 579 670 642 Guilelmus
690 578 773 640 euim
786 577 1022 639 llloerbeceusia
1043 577 1157 642 πᾶσαν
1178 596 1285 640 vocem
1308 584 1381 659 post
1398 574 1544 661 μάλιστα
1559 577 1684 640 demum
1702 579 1790 658 legit,
1813 599 1903 659 quam
1919 587 2079 661 praeterea

333 699 433 760 codex
454 697 720 773 Mediolanensis,
750 698 803 777 qui
830 696 971 758 eiusdem
1001 715 1072 758 cum
1100 696 1187 757 illius
1210 697 1380 777 exemplari
1403 696 1541 758 familiae
1562 704 1627 773 est,
1656 715 1785 778 promus
1807 697 1913 760 omisit
1934 705 1967 760 et
1986 698 2029 759 12⁴
2049 700 2082 760 ln

331 817 471 898 margine
503 818 669 880 delendam
699 834 767 878 esse
795 815 968 895 siguificat,
998 821 1034 875 ul
1059 815 1191 895 vestigia
1216 815 1367 896 quaedam
1394 817 1461 876 veri
1486 817 1580 878 ctiam
1607 817 1640 877 in
1669 815 1719 879 lais
1748 817 1836 878 libris
1864 817 2081 880 remanseriut.

334 936 525 998 Guilelmum
550 937 646 1015 igitur
668 936 782 1006 secuti,
811 954 874 995 uon
898 953 968 995 esse
991 933 1131 994 Platonis
1152 933 1269 994 iudicio
1291 952 1381 1013 quam
1404 933 1555 1015 optimum
1580 936 1639 996 toti
1665 933 1781 995 civitati
1806 941 1841 995 ιιι
1860 955 1919 998 una
1940 937 1996 1012 sit,
2025 938 2081 998 sed

333 1056 485 1136 optimum
511 1057 576 1117 sive
602 1056 695 1118 linem
725 1073 795 1116 esse
824 1053 942 1115 civitati
967 1061 1001 1113 ut
1029 1059 1094 1114 tota
1125 1071 1215 1132 quam
1243 1051 1374 1114 maximo
1403 1071 1463 1114 orna
1491 1053 1549 1127 sit,
1578 1071 1657 1132 quse
1680 1071 1752 1114 vera
1774 1061 1823 1114 εει
1843 1053 1983 1115 Platonis
2006 1074 2081 1116 sen-

335 1176 447 1250 tentia,
466 1175 642 1237 edocemur.

499 1293 533 1354 lu
555 1294 649 1354 Ιιιιίιιε
672 1301 775 1354 ευιειιι
797 1293 976 1354 sententiae
999 1291 1190 1352 refutatique
1213 1309 1292 1368 quse
1319 1289 1468 1369 leguntur
1489 1288 1663 1354 1.24-30
1689 1283 1793 1374 ἕτερον
1813 1288 1883 1376 γὰρ
1904 1289 2081 1376 συμμαχία

335 1406 391 1476 καί
414 1409 518 1486 πόλις·
540 1407 574 1475 τό
597 1406 657 1494 μὶν
678 1406 746 1494 γάρ
768 1407 811 1491 τῷ
830 1407 920 1491 ποσῷ
940 1405 1114 1492 χρήσιμον,
1135 1397 1203 1472 κάν
1224 1396 1249 1492 ἦ
1269 1403 1402 1473 sirasirin
1424 1407 1467 1490 τῷ
1487 1399 1559 1472 είδει
1581 1404 1748 1493 (βοηξιείας
1760 1405 1830 1495 γάρ
1846 1406 1947 1492 χάριν
1968 1405 1987 1488 ἡ
2006 1431 2087 1490 συμ-

335 1525 444 1613 μαχία
461 1525 629 1612 πέφυκεν),
650 1521 754 1611 ιόσιιερ
775 1518 819 1591 olo
839 1525 866 1590 εί
885 1523 1033 1610 σταθμός
1052 1530 1158 1592 πλεῖον
1178 1523 1304 1592 ἑλκόσει
1315 1523 1377 1606 ἰ)·
1397 1525 1506 1592 διοίσει
1528 1521 1563 1592 di
1583 1525 1626 1608 τῷ
1640 1524 1769 1609 τοιούτῳ
1783 1521 1841 1592 καί
1856 1524 1947 1602 πόλις
1960 1519 2086 1602 ἔθνους,

336 1639 416 1712 όταν
435 1641 585 1728 μὴκατὰ
606 1641 719 1729 κόμας
740 1631 801 1708 uim
821 1642 1052 1728 κεχωρισμένοι
1076 1637 1110 1707 τό
1131 1642 1263 1725 πλῆθος,
1280 1640 1350 1708 ἀλλ’
1373 1636 1620 1726 οἷονἊρτιάδες·
1643 1643 1677 1728 ἐξ
1696 1633 1743 1710 (όν
1757 1641 1791 1710 di
1807 1649 1859 1712 δεῖ
1869 1636 1904 1710 ἓν
1918 1642 2087 1731 γενέσθαι,

336 1756 408 1830 είδει
435 1760 575 1846 διαφέρει
603 1763 663 1823 iam
692 1762 908 1841 conringio
935 1769 1026 1822 eruut
1054 1768 1211 1841 suspecta.
1262 1762 1322 1840 Qui
1350 1763 1410 1822 etsi
1438 1761 1531 1823 nimis
1557 1763 1674 1842 pressit
1701 1765 1795 1825 verbe
1818 1763 1997 1844 scriptoris,
2026 1763 2085 1824 lucc

338 1892 441 1942 temen
471 1889 557 1942 recte
587 1881 680 1957 vidit,
705 1899 769 1942 uon
798 1881 881 1942 idem
908 1899 978 1942 esse
1005 1879 1109 1960 gentis
1134 1889 1167 1941 et
1194 1881 1328 1940 civitatis
1357 1901 1393 1941 ac
1417 1880 1555 1943 foederis
1582 1888 1617 1942 ει
1642 1881 1775 1942 civitatis
1805 1883 1988 1956 discrimen,
2017 1902 2086 1943 cum

340 2002 445 2082 potius
468 2018 546 2080 gens
574 2018 637 2060 nou
658 2001 761 2060 ιιιίιιιιι
783 2019 872 2078 quam
898 1999 1006 2058 civitas
1029 2017 1046 2058 e
1069 1997 1175 2078 specie
1200 1996 1330 2056 diversis
1352 1997 1523 2077 composita
1548 1998 1606 2077 ait,
1635 2017 1738 2077 neque
1761 2007 1905 2078 gentem,
1936 2007 2087 2078 quatenus

340 2140 418 2200 gens
449 2125 515 2194 est,
545 2124 581 2180 ut
609 2117 722 2180 foedus
745 2119 854 2180 utilem
877 2137 948 2178 esse
975 2114 1137 2213 rqi'uooqi'.
1181 2115 1306 2176 Addere
1328 2116 1445 2197 potuit,
1475 2116 1675 2178 scribendum
1697 2117 1806 2178 saltem
1830 2117 1929 2182 luisse
1949 2136 2012 2179 uon
2033 2113 2088 2184 καί

340 2233 429 2310 πόλις
456 2228 574 2311 ipone,-
598 2237 653 2297 scd
677 2234 764 2312 πόλις
784 2232 841 2302 καί
863 2230 978 2313 ’ἔθνους
1005 2233 1042 2319 (l.
1057 2231 1097 2296 27
1113 2231 1193 2315 sq),
1217 2235 1244 2295 si
1267 2235 1408 2296 dicturus
1432 2241 1500 2295 erat
1521 2235 1723 2312 Aristotcles,
1753 2236 1862 2298 eadem
1883 2236 2006 2297 ratione
2027 2255 2087 2316 qua

341 2357 454 2418 foedus
477 2355 569 2416 etiem
593 2361 720 2434 gentem
743 2375 761 2414 a
783 2356 908 2416 civitate
931 2354 1070 2415 differre.
1114 2351 1297 2426 Praeterea,
1327 2351 1360 2412 id
1381 2352 1463 2432 quod
1485 2353 1697 2433 milesimum
1721 2360 1785 2427 ειι,
1814 2354 1952 2414 membro
1974 2349 2010 2418 τό
2029 2349 2089 2434 μέν

340 2469 407 2558 γὰρ
430 2471 474 2554 τῷ
495 2470 586 2554 ποσῷ
605 2470 844 2557 χρήσιμον
867 2468 994 2537 ἑλκόσει
1016 2472 1189 2553 respondet
1207 2471 1340 2532 altarum
1363 2471 1393 2532 ei
1416 2472 1605 2552 oppositum,
1628 2473 1710 2551 quod
1733 2479 1886 2532 commate
1908 2477 2029 2533 tantum
2050 2473 2088 2532 ab

342 2613 380 2654 eo
402 2591 608 2672 seperaudum
628 2596 688 2667 est,
709 2589 742 2672 ἐξ
762 2579 809 2654 ὧν
830 2585 864 2657 δὲ
887 2580 988 2656 essin
1007 2586 1176 2678 γενέσθαι,
1198 2581 1269 2654 εἴδει
1290 2587 1441 2672 διαφέρει,
1464 2590 1495 2650 in
1521 2608 1582 2668 quo
1604 2589 1721 2650 rectius
1739 2589 1883 2662 sortasse,
1906 2599 1942 2650 ut
1955 2589 2090 2650 coniecit

341 2710 629 2784 Buechelerur,
657 2709 812 2770 scribetur
838 2699 910 2774 είδει
931 2711 996 2774 δεῖ
1010 2703 1236 2791 διαφέρεινι
1263 2707 1317 2786 qui
1339 2707 1567 2768 sententiarum
1588 2728 1685 2769 nexus
1708 2708 1801 2789 plane
1824 2710 1967 2770 turbatur
1988 2709 2089 2769 inter-

345 2830 445 2910 posita
476 2829 529 2889 illa
556 2827 739 2908 parenthesi
766 2823 876 2892 διοίσει
898 2822 932 2892 δὲ
954 2870 962 2887 ·
982 2869 990 2888 ·
1012 2869 1021 2886 ·
1040 2823 1201 2910 ’Δρκάδες
1245 2825 1353 2904 Neque
1381 2823 1471 2886 deest
1493 2826 1522 2886 ei
1545 2827 1643 2905 magis
1665 2827 1797 2888 idoneus
1824 2827 1910 2888 locus
1931 2827 1963 2887 in
1986 2827 2089 2906 capite

346 2950 447 3028 primo
475 2953 547 3026 posi
573 2947 667 3006 verba
691 2941 710 3024 ἡ
732 2939 800 3029 γὰρ
828 2941 966 3008 πολιτεία
992 2939 1146 3009 κοινωνία
1167 2968 1212 3018 τις
1233 2941 1316 3023 έστι,
1344 2937 1401 3006 καί
1421 2941 1543 3026 πρῶτον
1565 2940 1697 3029 ἀνάγκη
1720 2942 1777 3009 τοῦ
1798 2940 1895 3010 τότιου
1915 2949 2090 3024 κοινωνεῖν,

345 3063 364 3130 ό
387 3060 446 3149 μέν
474 3062 542 3150 γὰρ
563 3060 657 3136 τόπος
682 3054 725 3137 εἷς
745 3059 762 3124 ὁ
783 3061 835 3141 τῆς
856 3059 933 3145 μιᾶς
953 3059 1089 3142 πόλεως,
1114 3060 1145 3124 oi
1164 3056 1199 3127 δλ
1218 3063 1339 3124 πολῖται
1362 3055 1511 3124 κοινωνοί
1535 3059 1589 3139 τῆς
1611 3060 1689 3145 μιοῖς
1713 3059 1831 3138 πόλεως
1854 3058 1965 3136 12605,
1987 3060 2029 3123 40
2048 3095 2091 3108 -·

346 3179 461 3258 leole,
484 3179 513 3242 1.
555 3181 626 3242 Νοιι
647 3179 731 3242 euim
754 3186 819 3255 est,
848 3180 953 3259 iuquit
971 3177 1176 3254 Aristoteles,
1205 3149 1315 3240 civitas
1336 3179 1405 3239 siue
1427 3179 1489 3240 loci
1510 3181 1727 3241 commuuione
1748 3201 1847 3262 eaque
1867 3185 1935 3263 ipsa
1955 3201 1991 3242 re
2013 3200 2090 3261 gens

348 3301 475 3362 differet
496 3320 515 3359 a
536 3299 681 3374 civitate,
708 3298 791 3377 quod
813 3297 948 3358 civitatis
970 3298 1047 3358 socii
1069 3316 1131 3359 uou
1154 3297 1224 3358 siue
1247 3299 1322 3358 urbe
1345 3317 1402 3379 per
1422 3299 1507 3360 vicos
1531 3299 1664 3380 dispersi
1687 3308 1776 3376 sunt,
1809 3301 1863 3360 sed
1884 3300 1930 3361 ite
1948 3300 2091 3361 habitant

348 3429 383 3482 ιιι
405 3419 542 3481 Arcades
572 3425 645 3498 post
670 3416 827 3478 conditam
852 3413 1076 3496 Megalopolim
1121 3415 1154 3477 Ιιι
1185 3423 1279 3495 geute
1303 3417 1387 3478 enim
1414 3417 1458 3477 ita
1480 3419 1609 3498 sparsim
1639 3419 1816 3494 habitante,
1845 3426 1881 3481 ut
1902 3419 2092 3498 Gouringi

348 3540 442 3600 verbe
460 3557 529 3598 mea
551 3535 675 3610 faciam,
696 3535 783 3596 nulla
805 3541 855 3596 est
877 3535 1064 3608 commuuio,
1084 3535 1116 3594 iu
1140 3535 1266 3594 civitate
1287 3539 1391 3596 autem
1413 3535 1555 3615 perfecta
1574 3538 1716 3600 societas.

514 3653 576 3715 lam
608 3653 722 3714 transit
750 3653 783 3713 in
800 3654 916 3744 'cupite
944 3653 1070 3714 tertio
1098 3651 1304 3733 philosophus
1331 3652 1369 3712 ad
1392 3652 1424 3712 id
1446 3653 1740 3732 demonstruudum,
1768 3658 1851 3736 quod
1874 3663 1966 3717 antee
1988 3657 2092 3737 priore

350 3775 419 3835 loco
441 3779 597 3854 posuerat,
619 3767 655 3836 δι’
678 3758 718 3848 ἣν
737 3766 842 3834 αἰτίαν
861 3765 939 3852 φησί
961 3773 1027 3835 δεῖν
1049 3768 1323 3855 νενομοθετῆσθαι
1343 3765 1398 3836 τόν
1412 3768 1526 3856 τρόπον
1540 3772 1651 3837 τοῦτον
1665 3771 1683 3838 ὁ
1698 3773 1873 3860 Σωκράτης,
1894 3771 2093 3857 οὐφαίνεται

350 3895 531 3976 συμβαῖνον
549 3889 587 3956 ἔτι
607 3887 668 3954 suiv
689 3886 806 3974 λόγων,
828 3885 942 3962 isola,
964 3884 1002 3948 ll
1019 3907 1075 3967 sq,
1096 3887 1125 3948 si
1142 3889 1202 3947 iam
1220 3887 1350 3948 maxima
1370 3890 1472 3950 unitas
1494 3889 1566 3951 linis
1581 3892 1623 3950 sit
1637 3891 1783 3965 civitatis,
1807 3901 1909 3954 lamen
1925 3893 2092 3955 liberorum

352 4009 578 4086 mulierumque
600 4006 819 4066 commuuione
834 4005 957 4067 Platoni
979 4007 1139 4085 proposito
1162 4024 1224 4067 uou
1248 4025 1340 4086 posse
1361 4025 1428 4068 eam
1443 4009 1557 4087 parari.
1597 4009 1641 4071 Iu
1655 4011 1787 4091 primum
1804 4011 1930 4090 quidem
1945 4011 2093 4084 ostendit,

352 4131 379 4190 si
400 4127 506 4188 cuncti
526 4124 644 4204 aliquid
667 4144 754 4185 suurn
777 4103 849 4184 esse
867 4125 988 4198 dicent,
1010 4142 1140 4203 quorum
1162 4143 1218 4203 pro
1245 4142 1278 4184 se
1301 4126 1431 4206 quisque
1454 4135 1590 4208 nequeat
1612 4128 1670 4190 lrac
1692 4130 1923 4208 significatione
1946 4130 2007 4205 ull,
2034 4149 2094 4190 ne-

354 4263 504 4328 quaquem
531 4243 591 4305 hoc
618 4261 688 4303 esse
719 4241 846 4302 unitatis
874 4241 1149 4319 unanimitatisque
1176 4241 1415 4319 documcntum,
1443 4244 1536 4304 immo
1565 4247 1647 4325 quod
1672 4255 1855 4308 cunctorum
1884 4252 2004 4308 tantum
2036 4247 2094 4308 hac

352 4367 475 4428 ratione
497 4364 548 4438 sil,
570 4360 704 4441 singulis
726 4362 829 4421 minus
851 4379 921 4422 esse
942 4379 1034 4421 curae
1055 4359 1168 4434 solere,
1192 4354 1303 4434 12610,
1327 4357 1417 4421 16-
1432 4358 1547 4438 12620,
1570 4359 1598 4426 l.
1642 4362 1800 4424 Secuntur
1819 4364 1912 4426 verba
1934 4355 1977 4430 ἔτι
1995 4355 2096 4440 οὕτως

353 4479 488 4557 ἕκαστος
512 4474 586 4559 ἐμός
609 4475 695 4562 λέγει
720 4474 775 4541 τὸν
802 4467 839 4543 εὖ
863 4475 1040 4562 πράττοντα
1067 4474 1128 4542 ιῶν
1155 4475 1289 4542 solereio
1314 4466 1335 4556 ii
1361 4477 1489 4561 κακῶς,
1522 4476 1657 4555 ὁπόστος
1683 4477 1838 4566 τυγχάνει
1872 4475 1927 4547 τόν
1953 4480 2096 4567 ἀριθμόν

353 4595 399 4668 τόν
420 4629 451 4668 τι.
467 4623 492 4664 τ.
507 4606 536 4662 λ.
557 4594 639 4657 1262
647 4604 673 4669 ⁰,
696 4593 808 4676 lsqq,
831 4597 943 4676 quibus
964 4615 1075 4657 uorum
1100 4602 1209 4657 contra
1229 4594 1391 4658 Plutonem
1411 4606 1629 4677 argumentum
1643 4598 1785 4673 affertur,
1807 4601 1835 4661 si
1850 4607 1937 4662 recte
1952 4621 1986 4662 ss
2001 4601 2097 4664 habel

354 4721 450 4782 lectio
477 4708 529 4780 ἔτι.
578 4714 621 4775 ut
648 4713 800 4814 quoquo
828 4735 908 4778 novo
935 4723 1119 4796 argumento
1143 4735 1213 4777 esne
1245 4721 1367 4796 potest,
1397 4717 1479 4796 quod
1508 4717 1643 4780 studium
1668 4736 1742 4798 erga
1766 4738 1834 4792 eos,
1864 4739 1942 4800 quoa
1971 4729 2096 4784 nostros

355 4837 558 4919 appellamus,
581 4831 689 4894 eadem
712 4833 834 4896 ratione
857 4835 1042 4896 diminuitur
1061 4852 1181 4914 nosque
1201 4835 1294 4896 rebus
1316 4835 1406 4896 laetis
1421 4835 1613 4912 tristibusre,
1633 4854 1712 4916 quse
1727 4838 1773 4898 ein
1789 4837 1968 4918 obtingunt,
1986 4841 2096 4903 eedem

355 4957 476 5017 ratione
503 4952 606 5014 minus
637 4952 730 5014 nlmul
757 4950 909 5016 laetamur
938 4954 1068 5016 simulne
1094 4953 1315 5029 sollicitamur,
1345 4971 1407 5033 quo
1435 4955 1534 5016 maior
1557 4961 1733 5018 esseorum
1755 4955 1913 5018 homiuum
1935 4976 2095 5034 uumerus,

520 5203 567 5270 st)
585 5205 625 5257 Its
642 5207 798 5258 scribendum
820 5212 857 5257 εει
876 5219 931 5254 cum
949 5201 1076 5258 Guilelmo
1094 5213 1119 5257 at
1136 5205 1182 5255 ΡΙ.
1220 5207 1300 5260 Celeri
1319 5203 1421 5280 ε’λιιίτῃ.
