4684 5830
1063 281 1303 358 ...10-

295 503 365 566 tum
391 503 462 565 ante
490 503 523 567 ἕο
552 505 615 574 τοῖς
641 499 754 584 ἀγροῖς
776 499 925 574 inserere,
953 501 1021 562 tum
1050 498 1123 578 quia
1147 496 1264 560 tructus
1295 512 1440 578 agrorum
1460 495 1562 578 aptius
1587 497 1621 557 et
1642 493 1765 568 elarius,
1789 493 1817 556 si
1840 495 1922 556 recte
1942 492 2052 562 sentio,

297 619 337 688 τὰ
361 623 395 686 ἐν
416 626 479 696 τοῖς
500 619 615 704 ἀγροῖς
636 636 728 700 quam
751 617 788 684 τὰ
813 618 899 686 κατὰ
921 615 976 696 τὴν
997 617 1111 700 χῶρον
1124 613 1394 680 circumlocutione
1416 612 1638 696 significantur,
1661 615 1729 677 tum
1744 612 1816 694 qnia
1829 609 1932 675 neseio
1947 628 1985 676 an
1999 627 2054 692 pro

262 733 266 740 ’
295 741 410 824 χώραν
426 739 518 820 probe
538 738 807 801 Buechelerus
829 738 969 822 &ipae
991 736 1166 800 coniecerit.
1196 733 1379 818 Nuperrime
1400 731 1486 797 nulla
1498 731 1645 796 buiusrei
1661 731 1817 796 mentione
1832 729 1914 794 iacta
1928 729 1960 794 in
1972 728 2054 794 idern

298 858 408 923 incidit
433 857 684 941 Vahlennsffi),
706 857 767 919 nisi
789 855 869 940 quod
897 862 1026 930 <ιοῖς>
1053 857 1087 921 ἑο
1108 861 1172 932 τοῖς
1185 854 1300 941 ἀγροῖς
1315 853 1453 918 suflirere
1471 871 1525 917 suo
1543 851 1750 917 fortasseiure
1765 849 1871 916 aedit.
1897 850 2054 932 ourprae-

298 977 382 1042 terea
409 975 543 1047 <deb
570 975 705 1058 ἐφοδίων
719 975 911 1057 praeferrem,
935 975 962 1037 si
977 976 1021 1038 ita
1036 975 1108 1042 inu*
1122 973 1226 1039 codice
1240 975 1389 1057 scripturn
1406 972 1501 1036 inisse
1517 989 1533 1034 e
1548 971 1700 1035 Guilelmi
1714 971 1966 1054 interpretatione
1981 989 2054 1053 „pro

298 1095 441 1160 viaticis·
464 1097 546 1160 certo
561 1095 707 1177 colligere
729 1093 845 1172 liceret,
868 1093 983 1158 dndrnn
1003 1095 1179 1180 exposui¹⁶),
1203 1095 1256 1158 sed
1277 1097 1312 1158 ut
1332 1111 1437 1158 revera
1460 1085 1504 1158 ἂν
1527 1109 1581 1176 pro
1602 1084 1668 1158 κᾶν
1690 1089 1745 1154 ille
1759 1091 1837 1154 liber
1852 1090 2001 1164 habuerit,
2016 1089 2054 1152 de

297 1214 469 1298 recipienda
503 1213 560 1278 hac
588 1213 720 1278 lectione
750 1214 918 1294 lacunuqne
947 1217 1018 1277 ante
1045 1231 1113 1279 earn
1143 1213 1319 1290 statuenda,
1352 1231 1445 1295 quam
1474 1212 1520 1276 sic
1548 1213 1610 1275 fere
1637 1209 1817 1293 explendam
1846 1229 1927 1276 esse:
1967 1207 2054 1280 <ml

296 1339 463 1417 κοριοοῖς>
500 1333 642 1415 opinatus
663 1350 742 1407 sum,
765 1349 844 1394 nunc
864 1351 915 1395 me
937 1350 1052 1396 errasse
1074 1331 1221 1414 intellego
1244 1334 1276 1396 et
1297 1332 1361 1396 iam
1383 1331 1530 1404 intellexi,
1552 1349 1622 1394 cum
1643 1324 1859 1414 prolegomena
1880 1329 1998 1410 scripsi.

465 1449 646 1532 Scrupulnm
674 1450 755 1514 mihi
780 1468 876 1532 nuper
902 1451 1010 1516 iniecit
1036 1449 1132 1515 etiarn
1161 1451 1272 1533 capitis
1300 1451 1408 1515 sexti
1429 1450 1525 1524 locus,
1546 1467 1606 1530 quo
1630 1452 1734 1514 contra
1756 1451 1928 1524 Platonem,
1951 1449 2003 1531 qni
2025 1449 2057 1512 in

298 1574 418 1657 legibus
447 1572 512 1634 suis
539 1570 738 1654 legumlatori
765 1571 797 1634 in
816 1571 938 1654 legibus
959 1571 1122 1634 condendis
1146 1573 1246 1634 terrae
1269 1569 1417 1634 rationem
1442 1569 1613 1633 habendam
1635 1587 1702 1632 esse
1724 1569 1944 1652 hominumque
1965 1567 2055 1642 dicat,

301 1693 415 1768 libbe,
446 1691 588 1767 18-20,
608 1689 780 1754 addendum
802 1708 869 1754 esse
891 1707 998 1754 censor
1017 1692 1123 1754 monet
1145 1689 1301 1766 „locorum
1324 1707 1443 1772 quoque
1465 1689 1665 1764 vicinorum‘,
1689 1708 1717 1752 v.
1741 1690 1782 1752 20
1804 1707 1857 1772 sq,
1880 1690 1937 1752 hec
1957 1689 2056 1772 primo

299 1813 366 1876 1000
395 1829 486 1875 eausa
507 1809 640 1874 adiecta:
671 1811 710 1876 οὐ
729 1808 796 1894 γὰρ
818 1810 921 1894 μόνον
946 1809 1134 1897 ἀναγκαῖόν
1161 1813 1247 1876 ἐστιν
1273 1810 1373 1890 αὐτὴν
1396 1809 1548 1886 τοιούτοις
1574 1810 1720 1892 χρῆσθαι
1751 1806 1827 1894 πρὸς
1846 1837 1900 1874 τον
1921 1809 2057 1891 πόλεμον

297 1928 420 2014 ὅπλοις,
453 1921 476 1995 ἃ
497 1929 643 2014 χρήσιμοι
666 1929 752 1995 κατὰ
776 1927 831 2009 τὴν
855 1930 977 1996 οἱιιείοιν
1004 1930 1118 2014 χώραν
1140 1929 1243 2006 ἐστίν,
1264 1927 1349 1994 ἀλλὰ
1373 1925 1428 1994 καὶ
1452 1926 1527 2012 πρὸς·
1554 1927 1627 2002 τοὺς
1649 1922 1707 2009 ἔξω
1731 1927 1854 2004 τόπους,
1874 1947 1902 1991 v.
1923 1929 2058 1992 23-25.

297 2049 367 2115 Etsi
388 2050 470 2113 eninr
491 2049 597 2135 ὁρίοις,
621 2047 700 2131 quod
722 2066 775 2130 pro
797 2043 904 2124 ὅπλοις
924 2047 1086 2112 restituere
1108 2048 1207 2112 voluit
1230 2047 1507 2130 Oncheniusssr,
1529 2063 1684 2126 nunquam
1705 2047 1848 2128 probavi,
1870 2049 1973 2110 tamen
1994 2047 2059 2110 ha-

297 2169 398 2233 ditam
424 2169 589 2232 lectionem
615 2167 706 2232 hodie
733 2169 807 2251 puto
837 2167 918 2230 haud
948 2168 1065 2231 temere
1091 2167 1129 2231 ab
1159 2185 1194 2232 eo
1219 2185 1285 2230 esse
1308 2165 1471 2241 reiectam,
1493 2165 1521 2228 si
1542 2163 1667 2245 quidem
1691 2159 1774 2230 ὅιιλοι
1794 2166 1832 2229 ad
1856 2165 1975 2228 diversa
1997 2183 2059 2228 non

297 2306 467 2364 armorum,
494 2287 547 2350 sed
573 2289 763 2350 armatorum
792 2305 904 2368 genera
933 2285 1133 2368 significanda
1156 2285 1293 2350 adhiberi
1314 2303 1419 2368 posse,
1449 2301 1525 2365 quae
1547 2285 1742 2370 Bernaysi
1765 2285 1886 2352 ridetur
1907 2287 2060 2352 sententie

299 2409 415 2490 esech),
437 2406 499 2470 nisi
520 2405 592 2470 aliis
613 2405 691 2470 locis
713 2407 771 2469 hoc
791 2405 870 2468 mihi
891 2404 1079 2488 probabitur,
1102 2423 1161 2469 non
1183 2405 1368 2470 adduceret
1388 2408 1518 2484 credam,
1539 2409 1602 2472 alia
1619 2408 1723 2472 autem
1739 2406 1960 2490 interpretatio,
1982 2424 2060 2487 quae

295 2529 370 2610 apta
390 2526 433 2590 sit
450 2525 541 2589 nexui
562 2525 793 2598 sententiarum,
816 2524 923 2606 nequit
944 2525 1120 2606 excogitari.
1165 2525 1264 2589 lmnro
1286 2543 1322 2589 ea
1345 2543 1473 2607 quoque,
1497 2545 1573 2608 quae
1596 2527 1734 2592 locorum
1756 2527 1926 2591 uicinorum
1940 2526 2060 2590 ratione

299 2647 404 2710 habita
430 2645 627 2730 legumlatori
655 2643 810 2708 condenda
835 2645 921 2719 sunt,
948 2647 984 2708 ut
1009 2645 1119 2709 eiritm
1146 2645 1191 2709 eis
1212 2626 1331 2720 utatur,
1361 2647 1440 2710 nihil
1462 2665 1528 2710 esse
1550 2649 1678 2730 possunt
1700 2647 1761 2710 nisi
1781 2645 1866 2729 leges
1887 2646 1937 2709 vel
1957 2645 2060 2727 potius

298 2765 452 2842 instituta,
476 2783 511 2828 ea
534 2765 611 2841 dico,
634 2781 710 2845 quae
730 2763 768 2828 ad
791 2763 907 2828 bellurn
928 2765 1077 2846 speciant,
1099 2765 1250 2829 militaria
1270 2766 1425 2843 instituta,
1447 2783 1576 2848 cumque
1597 2795 1659 2846 μου
1682 2766 1800 2850 syllaba
1820 2766 1957 2848 proxime
1972 2783 2060 2848 prae·

300 2887 397 2962 cedat,
419 2883 609 2968 νομίμοις
628 2902 683 2966 pro
705 2878 813 2958 ὅπλοις
834 2884 1003 2965 repositum
1026 2884 1106 2948 hand
1129 2885 1222 2948 nimis
1245 2885 1336 2967 longe
1357 2884 1534 2949 abhorrebit
1554 2903 1572 2948 a
1594 2885 1735 2950 ductibus
1757 2885 1941 2948 litterarum.

468 3002 586 3085 Capitis
614 3001 758 3066 decimi
786 3003 877 3066 verba
905 2997 950 3068 gre
981 3000 1014 3069 di
1036 3002 1074 3068 τὰ
1099 3001 1164 3088 περὶ
1188 3001 1227 3069 rei
1251 3004 1405 3070 συσσίτια
1423 3005 1545 3087 βέλτιον
1568 3007 1712 3071 τέτακται
1736 3011 1799 3079 τοῖς·
1814 3002 1934 3087 Κρησὶν
1955 2996 1974 3082 ἢ
1998 3010 2063 3078 τοῖς

299 3123 448 3202 Λάκωσι,
478 3122 635 3206 φανερόν,
666 3122 787 3196 laras,
811 3123 851 3188 26
881 3141 937 3203 sq,
957 3123 1024 3186 tarn
1050 3124 1117 3186 arte
1139 3123 1302 3187 cohaerent
1324 3141 1395 3186 cnm
1417 3124 1567 3206 oppositis
1588 3125 1725 3207 proxime
1747 3123 1944 3205 sequentibus
1967 3127 2006 3188 ιὰ
2026 3121 2061 3190 dl

298 3239 365 3327 περὶ
398 3239 471 3310 τοὺς
499 3242 643 3323 κόσμους
672 3234 713 3306 ἔτι
748 3247 856 3324 χοῖρον
888 3244 949 3306 τῶν
982 3242 1124 3326 ἐφόρου,
1155 3263 1185 3306 v.
1215 3243 1255 3306 27
1285 3261 1346 3323 sq„
1375 3243 1410 3306 ut
1440 3245 1514 3306 haec
1541 3243 1607 3306 sine
1631 3244 1695 3308 illis
1719 3263 1755 3308 ne
1777 3242 1914 3307 construi
1936 3242 2062 3324 quidem

297 3363 420 3443 queant
464 3361 571 3441 ltaque
596 3379 755 3443 perperam
781 3360 837 3424 illa
862 3363 933 3424 ante
962 3365 1038 3446 πρὸς
1065 3381 1093 3426 r.
1116 3363 1155 3424 21
1179 3363 1299 3430 traieci:
1324 3363 1534 3426 verumtamen
1556 3381 1611 3426 suo
1635 3379 1753 3444 quoque
1777 3363 1842 3426 loeo
1865 3364 1985 3426 retenta
2005 3379 2061 3444 pro

302 3477 336 3546 di
361 3479 521 3560 requirunt
542 3475 604 3561 δή,
632 3481 779 3561 qnoniam
799 3483 870 3562 post
891 3481 1016 3562 longam
1037 3481 1300 3546 confirmationem
1325 3485 1358 3546 ἐν
1377 3479 1437 3563 μὲν
1458 3479 1694 3567 γὰρ-καιρός,
1717 3501 1745 3546 r.
1766 3482 1899 3558 13-26,
1918 3483 2063 3564 repetunt

301 3617 378 3680 quite
399 3617 428 3666 v.
453 3599 491 3661 12
514 3617 559 3680 sq.
581 3600 739 3683 leguntur,
763 3600 802 3666 τὰ
824 3599 883 3684 μὶν
906 3591 964 3666 οὖν
987 3602 1049 3665 τῶν
1071 3601 1246 3666 συσσιτίων
1266 3595 1332 3682 ἔχει
1352 3601 1474 3686 βέλτιον
1494 3608 1558 3676 τοῖς·
1577 3602 1696 3687 Κρησὶν
1720 3594 1737 3680 ἢ
1760 3607 1823 3676 τοῖς
1839 3601 2007 3685 Λάκωσιν,
2029 3603 2063 3664 et

302 3717 407 3782 eadem
435 3717 493 3782 hac
521 3717 750 3781 confirmatione
779 3719 842 3782 iam
872 3718 1080 3782 demonstrata
1108 3737 1175 3782 esse
1196 3722 1390 3783 asseverant:
1420 3739 1619 3802 quamquam,
1651 3719 1683 3782 id
1702 3721 1782 3803 qnod
1804 3739 1854 3785 me
1876 3722 1908 3784 in
1928 3739 2064 3785 errorem

301 3834 437 3911 induxit,
467 3836 495 3898 si
521 3839 661 3900 accurate
688 3837 873 3900 sententiam
895 3835 1140 3911 consideramus,
1162 3853 1239 3917 quae
1262 3837 1331 3900 inde
1353 3857 1370 3901 a
1392 3837 1468 3922 πρὸς
1489 3859 1517 3902 v.
1540 3840 1589 3901 21.
1612 3841 1774 3902 monentur
1795 3839 1833 3902 ad
1852 3841 1931 3904 hanc
1950 3841 2064 3904 contir-

301 3954 471 4018 mationem
502 3973 560 4018 non
588 3955 755 4037 pertinere,
783 3955 837 4018 sed
865 3956 1007 4018 liberiore
1035 3956 1126 4019 modo
1152 3961 1276 4039 propter
1307 3957 1540 4023 similitutinem
1568 3958 1720 4039 quendam
1749 3962 1780 4022 et
1800 3958 2066 4042 propinquitatem

301 4091 403 4137 rerum
430 4074 459 4138 ei
485 4072 604 4137 adiecta
630 4091 697 4137 esse
724 4077 858 4156 apparet.
903 4075 987 4154 Quae
1014 4094 1084 4139 cunr
1111 4077 1157 4140 ita
1182 4077 1263 4154 sint,
1293 4077 1469 4160 parenthesi
1491 4077 1632 4142 adhibita
1652 4081 1754 4142 totum
1774 4080 1876 4142 locum
1898 4080 1944 4142 sie
1965 4078 2065 4142 inter-

302 4192 500 4276 pungendum
519 4211 586 4256 esse
606 4192 751 4258 arbitror:
777 4191 897 4278 crispeio
920 4187 979 4260 οὖν
1000 4196 1176 4262 συσσιτίων
1199 4191 1263 4278 ἔχει
1284 4198 1406 4281 βέλτιον
1429 4203 1491 4273 τοῖς·
1513 4197 1631 4281 Κρησὶν
1652 4192 1670 4278 ii
1695 4205 1758 4272 τοῖς·
1772 4197 1925 4266 Λάκωσιν
1942 4199 1988 4282 (ἓν
2003 4197 2067 4284 μὲν

331 4305 719 4378 *no‘1—'
846 4309 1165 4382 te'rr'r-”a
1227 4338 1235 4355 ·
1303 4314 1385 4382 *a*
1434 4316 1505 4340 “’
1819 4311 1908 4361 '··“
1986 4315 2059 4342 *³

301 4341 369 4398 γαρ
416 4341 476 4378 aare
497 4339 603 4396 ιιιμονι
664 4342 822 4397 προτερον,
864 4341 880 4379 o
923 4343 936 4380 a
984 4343 1058 4400 perp
1102 4344 1142 4380 αν
1166 4344 1224 4398 ρας
1260 4343 1334 4399 repar,
1377 4345 1468 4397 ετην
1491 4327 1687 4404 ολιγοσιτιαι
1733 4319 1856 4402 καιρος)
1890 4346 1935 4382 οτι
1962 4325 2000 4394 δη
2023 4347 2066 4384 τα

301 4429 368 4515 περὶ
398 4428 437 4496 τὰ
470 4432 621 4498 συσσίτια
650 4436 772 4517 βέλτιον
802 4433 951 4499 τέτακται
979 4439 1041 4508 τοῖς·
1061 4433 1204 4515 Λάκωσι,
1229 4433 1387 4518 φανερόν,
1418 4435 1458 4502 τὰ
1482 4434 1515 4502 di
1537 4434 1603 4520 cepi
1628 4435 1701 4510 τοὺς
1722 4437 1867 4520 κόσμους
1889 4433 1930 4502 ἔτι
1952 4429 2068 4519 ’χεῖρον

305 4551 369 4616 τῶν
390 4550 522 4634 ἐφόρων.

469 4823 515 4890 15)
534 4820 566 4873 In
584 4837 695 4875 censura
712 4823 896 4876 translationis
914 4822 1250 4892 Bernaysiananeitachr.
1268 4823 1286 4876 i.
1305 4821 1329 4876 d.
1348 4827 1426 4876 cestr.
1446 4824 1541 4892 Gymn.
1560 4824 1646 4878 XXV.
1668 4824 1743 4878 1874,
1763 4841 1788 4894 p.
1808 4823 1868 4878 487.

431 4960 448 5001 ¹.
472 4908 512 4973 16)
531 4907 641 4972 Quaest.
660 4907 720 4962 crit.
738 4907 771 4962 de
789 4908 847 4962 libr.
866 4910 888 4963 1.
907 4911 941 4963 11.
961 4909 1072 4979 append.
1092 4927 1118 4979 p.
1140 4911 1180 4964 12.

471 4994 516 5054 17)
537 4993 702 5048 Staatslehre
720 4995 765 5048 dea
783 4995 942 5049 Aristoteles
962 4996 1044 5066 rLips.
1064 4996 1274 5063 afflcecnxx)
1294 4996 1316 5049 1.
1335 5013 1360 5065 p.
1380 4997 1439 5050 aot.
1459 5014 1484 5049 n.
1505 4997 1529 5049 6.

472 5079 513 5136 lat
532 5081 622 5134 Vertit
639 5081 724 5134 enim:
743 5078 829 5144 „donn
847 5080 894 5134 der
913 5081 991 5135 Staat
1003 5097 1075 5134 muas
1093 5081 1157 5134 iiber
1174 5081 1232 5135 eine
1249 5081 1403 5136 Wehrlrreft
1421 5081 1547 5150 rerfr'rgerr
1560 5083 1673 5146 konnen,
1692 5083 1751 5136 dieu
1771 5082 1880 5150 (rectius
1893 5085 2069 5143 scribendum

302 5171 375 5222 erat:
395 5167 460 5232 „uia
479 5167 548 5230 sia‘·)
568 5167 662 5230 „nieht
681 5167 753 5226 bloss
773 5169 811 5221 irn
830 5167 925 5235 eignen
944 5168 1048 5229 Gabiet,
1062 5167 1175 5222 sondarn
1192 5167 1262 5221 auch
1279 5167 1322 5220 fiir
1338 5167 1386 5222 das
1406 5169 1524 5224 huslend
1542 5168 1702 5223 anwendbar
1720 5169 1782 5222 ist“.
