4670 5824
1108 327 1363 402 -14....

355 547 425 628 apte
453 543 690 622 demonstravit,
718 543 821 607 minus
851 543 955 606 tamen
981 543 1051 624 apte
1078 542 1137 605 hoc
1163 559 1330 626 pronomen
1358 543 1411 604 aut
1439 541 1563 605 omnino
1590 540 1851 606 exterminandum
1880 542 1933 604 aut
1955 538 2114 624 demptum

356 665 438 728 certe
460 681 496 726 er
516 665 575 727 boc
595 663 663 727 loco
685 663 756 745 post
776 661 899 744 ἀμφοῖν
922 679 949 724 1.
963 659 1012 724 16.
1034 659 1229 724 inserendum
1244 678 1310 724 esse
1331 660 1471 724 coniecit.
1502 658 1615 724 Malim
1631 659 1890 744 Ueberuegius
1911 657 1959 724 vir
1973 660 2112 743 egregius

355 785 549 866 praematura
573 783 673 846 morte
706 781 794 846 bouis
824 779 939 842 litteris
967 781 1088 862 ereptus
1111 780 1264 862 quondam
1286 779 1367 843 mibi
1395 777 1520 860 scripsit
1541 777 1597 858 riv
1619 777 1719 860 αὐιήν
1740 779 1802 845 sibi
1823 797 1928 844 veram
1948 778 2112 843 lectionem

355 903 468 967 udam:
490 904 523 966 at
544 902 581 965 ut
600 918 638 964 ne
659 900 691 962 in
713 901 770 963 hac
792 899 915 980 quidem
937 898 1149 963 emendatione
1170 899 1381 980 acquiescam,
1411 897 1497 981 cogit
1524 915 1574 960 me
1603 897 1747 962 subtilior
1767 899 1865 963 totim
1891 899 2112 963 sententiarum

355 1022 571 1106 perpetuitatis
599 1019 781 1084 observatio.
825 1019 989 1099 Quaeritur
1016 1018 1114 1094 enim,
1141 1019 1246 1082 utrum
1277 1019 1372 1082 etiarn
1399 1017 1515 1082 militia
1542 1018 1574 1081 et
1601 1016 1740 1100 regimen
1765 1017 1902 1082 civitatis
1934 1020 1966 1082 in
1996 1019 2112 1101 optimo

356 1160 466 1225 genere
489 1138 674 1223 reipublicae
696 1139 825 1204 diversis
845 1138 983 1222 personis
1006 1156 1043 1200 an
1064 1137 1140 1200 hacc
1154 1138 1244 1202 ambo
1260 1137 1377 1202 eisdem
1396 1135 1460 1200 sint
1475 1134 1644 1214 tribuenda,
1667 1133 1728 1202 ἐπεὶ
1750 1132 1784 1202 δὲ
1805 1132 1861 1203 καὶ
1885 1136 1919 1204 τὸ
1941 1136 2111 1222 πολεμικὸν

356 1258 411 1328 καὶ
438 1259 473 1325 νδ
496 1257 729 1344 βουλευόμενον
758 1257 824 1343 περὶ
854 1259 916 1324 ruba
944 1256 1172 1342 συμφερόντων
1199 1253 1255 1324 καὶ
1284 1262 1395 1342 κρῖνον
1423 1254 1488 1340 περὶ
1512 1257 1573 1322 arbe
1595 1254 1729 1323 δικαίων
1756 1255 1928 1342 ἐνυπάρχει
1950 1255 2007 1324 καὶ
2034 1258 2110 1343 μέρη

355 1383 499 1464 φαίνεται
521 1379 574 1456 πῆς
594 1377 712 1454 πόλεως
732 1377 876 1462 μάλιστα
897 1369 987 1460 garae,
1013 1376 1142 1460 πδπερον
1163 1370 1251 1460 ἕτερα
1275 1371 1482 1442 καὶταῦτα
1504 1373 1615 1450 βεπέον
1637 1367 1654 1456 ἦ
1678 1381 1762 1450 τοῖς
1783 1375 1919 1452 αὐτοῖς
1941 1374 2112 1442 ἀποδοτέον

355 1491 489 1584 ἀμφω;
519 1497 560 1580 (1.
583 1497 643 1558 2-
659 1497 715 1579 5.):
744 1495 794 1558 cui
822 1493 1056 1577 interrogationi
1082 1495 1118 1556 ut
1141 1495 1379 1558 consentaneum
1404 1493 1447 1556 sit
1475 1507 1655 1574 responsum
1681 1494 1796 1574 partim
1823 1493 1978 1558 affirmans
2000 1495 2113 1577 partim

356 1633 479 1698 negans,
500 1615 559 1678 hoc
578 1631 676 1695 neque
696 1615 741 1678 ita
763 1633 835 1678 sanc
858 1613 944 1678 reddi
965 1614 1077 1697 potest,
1099 1613 1135 1676 ut
1158 1611 1274 1676 eisdem
1288 1613 1427 1694 utrisque
1441 1630 1502 1690 eas,
1524 1612 1561 1676 de
1582 1612 1691 1694 quibus
1707 1629 1807 1676 sermo
1823 1614 1879 1690 est,
1901 1631 1959 1688 res,
1980 1611 2012 1676 id
2034 1613 2113 1694 quod

357 1735 456 1802 voluit
482 1734 677 1810 Thurotus‚
706 1752 725 1797 a
751 1735 915 1817 regimine,
944 1752 1040 1816 neque
1065 1733 1125 1810 ita,
1148 1735 1184 1796 ut
1206 1731 1322 1796 eisdem
1349 1733 1504 1814 utrisque,
1535 1729 2113 1816 1111111011ὓοδοινοείονίδοδνῒνι,

356 1853 439 1918 idem
460 1854 509 1916 ius
530 1852 677 1930 ciuitatis,
700 1853 753 1918 sed
775 1854 820 1917 ita
841 1854 900 1916 hoc
919 1870 1098 1935 responsum
1120 1852 1185 1916 dari
1203 1870 1325 1916 necesse
1347 1853 1403 1926 est,
1426 1855 1461 1914 ut
1476 1850 1592 1916 eisdem
1606 1851 1735 1932 utraque
1756 1853 1833 1918 haec
1848 1852 2113 1928 usdaudana,

357 1975 388 2037 et
410 1975 444 2036 ut
463 1973 509 2036 iba
530 1971 681 2047 reddatur,
704 1972 824 2055 duplice
845 1973 1031 2036 correctione
1052 1971 1187 2036 admista
1208 1972 1415 2058 ἀμφότεροι
1438 1988 1491 2055 pr0
1514 1971 1704 2055 ιῘιΙιιφονίῺοις
1726 1975 1757 2036 ei
1778 1975 1899 2040 rafica
1921 1991 1975 2056 pro
1995 1973 2114 2054 ταύτην

357 2094 403 2156 sie
423 2090 617 2155 scribendum
632 2093 694 2156 est:
715 2091 848 2158 λείπεται
871 2091 977 2158 solvus
1000 2097 1063 2166 τοῖς
1079 2091 1187 2168 αὐτοῖς
1200 2089 1259 2173 μὲν
1281 2090 1492 2176 ἀμφότεροι
1513 2089 1700 2158 ἀποδιδόναι
1725 2091 1780 2174 τὴν
1795 2092 1952 2160 πολιτείαν
1967 2094 2114 2170 ταῦτα,

358 2231 386 2274 1.
411 2211 517 2290 resq.

526 2327 585 2392 Sed
613 2348 645 2394 ea
675 2347 802 2412 quoque,
830 2329 964 2411 quaeda
990 2329 1168 2393 sacerdotiis
1194 2331 1276 2392 recte
1312 2328 1533 2394 constituendis
1561 2348 1589 2394 1.
1618 2330 1657 2392 27
1687 2348 1767 2412 sqq„
1793 2333 1829 2396 ut
1854 2332 1936 2410 diri,
1962 2332 2114 2414 leguntur,

359 2449 499 2530 quumvis
513 2421 654 2512 universe
675 2448 812 2532 spectata
832 2449 1004 2512 clarissima
1023 2450 1095 2526 sint,
1118 2451 1232 2526 tamen
1254 2448 1282 2510 si
1301 2448 1423 2529 singula
1442 2448 1632 2532 respicimus,
1664 2449 1850 2514 obscuritate
1878 2453 2008 2534 quadam
2030 2453 2118 2516 labo-

359 2568 438 2631 rant.
470 2567 568 2632 Civile
586 2567 668 2630 enim
688 2585 799 2632 munus
819 2568 1023 2633 sacerdotium
1046 2572 1106 2645 est,
1133 2570 1169 2632 ut
1188 2587 1207 2632 a
1226 2568 1363 2646 nemine,
1381 2568 1443 2631 nisi
1467 2567 1543 2632 civis
1566 2569 1626 2645 sit,
1649 2573 1741 2649 queat
1762 2570 1850 2648 iniri,
1873 2573 1906 2635 at
1926 2572 1958 2636 in
1980 2572 2045 2655 ipsa
2063 2589 2116 2634 re-

357 2687 479 2769 publica
502 2687 638 2752 similem
665 2687 697 2750 in
723 2686 850 2751 modum
874 2690 966 2768 atque
997 2688 1113 2756 militia
1139 2689 1335 2769 regimenque
1364 2687 1501 2752 ciuitatis
1529 2688 1658 2752 minime
1689 2691 1827 2754 versatur
1853 2691 1956 2774 itaque
1985 2691 2115 2754 minime

359 2805 466 2870 eadem
497 2807 615 2869 ratione
644 2807 691 2868 est
718 2806 891 2870 membrum
918 2807 1054 2870 civitatis
1082 2806 1266 2872 vocandum:
1295 2807 1472 2870 emeritis
1498 2807 1594 2890 igitur
1622 2807 1739 2872 ciuibus
1767 2808 1936 2874 sacerdotia
1957 2811 2027 2874 sunt
2052 2811 2116 2874 im-

358 2921 533 3006 pertiendo,
563 2923 682 2998 ιοδοοις
695 2924 732 3007 34)
755 2915 797 2990 ἂν
820 2922 864 3005 εἴη
890 2924 947 3000 ade
970 2925 1193 3010 [speudoacib
1211 2925 1398 3003 ἀποδοτέον,
1429 2946 1455 2989 1.
1479 2927 1519 2989 33
1542 2946 1603 3009 sq.:
1633 2928 1788 3010 bucusque
1825 2929 1929 2994 omnia
1955 2930 2116 3012 perspicua

358 3043 439 3120 sunt,
460 3059 557 3122 neque
579 3059 672 3122 quam
693 3042 878 3106 Aristoteles
902 3043 988 3107 addit
1007 3062 1132 3108 causam
1151 3045 1356 3108 venerabilem
1383 3045 1573 3109 senectutem
1594 3045 1633 3110 ad
1656 3065 1741 3112 secra
1762 3046 1899 3112 facienda
1920 3049 2115 3132 aptissimam

358 3181 424 3226 esse
445 3179 571 3225 moilens
593 3160 708 3244 (πρέπει
731 3160 764 3228 δὲ
787 3161 842 3242 τήν
871 3192 902 3229 πε
931 3161 1104 3248 &apostalae
1133 3162 1323 3231 ἀποδιδόναι
1345 3169 1408 3238 τοῖς
1430 3169 1517 3239 ἐνεοῖς
1539 3201 1578 3208 -
1603 3163 1675 3240 τοὺς
1697 3163 1750 3232 διὰ
1773 3164 1828 3232 τὸν
1849 3166 1970 3251 χρόνον
1990 3166 2116 3252 ἀπειρη.

358 3283 467 3362 κόπος,
490 3301 518 3346 1.
540 3280 689 3364 31-33.)
712 3280 846 3364 scrupuli
866 3281 1032 3363 quidquam
1053 3282 1141 3348 nobis
1161 3282 1275 3346 inicere
1297 3283 1418 3365 potest:
1446 3280 1499 3346 sed
1522 3281 1595 3364 quid
1622 3283 1682 3348 siti
1705 3285 1773 3350 vrdt
1792 3285 1889 3350 altera
1911 3303 2001 3350 causa
2022 3286 2117 3348 simul

358 3401 454 3464 allata
474 3398 530 3466 καὶ
553 3399 609 3480 οὴν
637 3398 825 3466 ἀνάπαυσιν
853 3395 939 3482 ἔχειν
968 3397 1033 3486 περὶ
1060 3399 1179 3478 οὐιοὺς
1208 3405 1249 3486 (1.
1272 3401 1313 3464 32
1334 3402 1416 3485 sq.)?
1444 3400 1541 3464 Decet
1569 3419 1642 3465 sane
1666 3404 1724 3466 boc
1746 3421 1865 3486 quoque
1893 3423 1981 3470 senes
2002 3406 2118 3472 civium

361 3520 514 3596 emeritos,
536 3519 574 3583 ab
596 3519 681 3582 omni
702 3519 764 3582 alie
786 3537 857 3584 cura
877 3519 1000 3602 publica
1020 3520 1165 3590 liberatos
1183 3524 1259 3587 satis
1280 3520 1326 3585 oti
1347 3521 1458 3586 habere
1479 3521 1518 3586 ad
1540 3523 1612 3586 huic
1632 3525 1686 3588 uui
1707 3543 1832 3607 operam
1854 3525 1993 3605 dandam,
2014 3531 2047 3592 et
2067 3529 2119 3592 rix

360 3638 501 3714 adducor,
521 3639 557 3702 ut
579 3637 699 3702 credam
721 3656 905 3721 quemquam
927 3659 1061 3724 uuquam
1087 3643 1133 3707 sic
1160 3642 1298 3706 locutum
1320 3659 1401 3717 esse,
1430 3641 1465 3704 ut
1483 3642 1542 3706 hoc
1563 3642 1721 3724 „requiem
1741 3644 1853 3709 habere
1875 3645 1980 3710 circa
2000 3646 2118 3712 deos“

361 3757 569 3842 appellaverit.
612 3757 716 3822 Minus
743 3776 793 3823 me
820 3759 905 3824 locus
932 3760 1114 3840 offenderet,
1146 3761 1174 3824 si
1200 3760 1354 3838 οὑιοὺς
1381 3761 1484 3845 potius
1513 3761 1551 3825 ab
1576 3761 1746 3826 Aristotele
1772 3764 1921 3848 scriptum
1941 3784 2007 3830 esse
2036 3769 2119 3830 certe

361 3878 488 3953 sonem,
517 3877 644 3942 tametsi
671 3879 728 3941 boc
754 3896 873 3960 quoque
898 3879 1066 3944 insolenter
1094 3899 1151 3945 nec
1178 3879 1300 3943 omuino
1327 3878 1523 3945 laudabiliter
1546 3882 1581 3944 ut
1600 3880 1717 3945 dictum
1741 3885 1822 3946 esset
1843 3883 1970 3966 largirer
2000 3889 2119 3969 (posset

362 3996 493 4073 enimsi
510 3996 579 4078 quis
594 3995 775 4060 calunrniari
787 3997 889 4075 vellet,
903 4000 1008 4063 conte
1026 4019 1149 4064 monere
1166 4001 1261 4064 eliam
1274 4017 1340 4063 esse
1355 4000 1493 4082 requiem
1505 3999 1565 4063 sibi
1579 3999 1656 4082 ipsis
1666 4001 1789 4066 vivendi
1804 4021 1980 4068 concessam
1994 4004 2117 4069 senibus

362 4116 516 4193 emeritis,
546 4116 628 4180 eliud
658 4116 756 4180 otium
778 4115 815 4179 ad
839 4134 887 4180 res
911 4116 1029 4182 divinas
1050 4119 1110 4182 rito
1132 4119 1347 4202 perpetrandas
1363 4119 1547 4204 sorfficiens):
1570 4137 1744 4196 annaeum
1765 4122 1798 4185 in
1824 4139 1908 4186 mera
1930 4120 2119 4187 divinatione

361 4255 410 4302 res
430 4236 608 4320 positast,
637 4237 829 4300 lenissimam
855 4237 934 4300 hanc
960 4237 1165 4302 mutationem
1193 4256 1290 4321 neque
1310 4239 1343 4302 in
1368 4240 1491 4305 scriniis
1511 4239 1591 4303 meis
1612 4241 1648 4304 ut
1668 4258 1791 4323 prorsus
1813 4241 2047 4324 improbabilem
2068 4260 2119 4306 re-

362 4355 460 4418 tinere
479 4354 548 4418 volo
569 4372 666 4436 neque
692 4371 745 4436 pro
774 4353 984 4418 emendatione
1007 4353 1085 4418 mdli
1116 4355 1302 4422 dubitationi
1323 4359 1451 4423 obnoxia
1472 4358 1639 4423 venditare.
1684 4359 2048 4426 consummanet
2069 4381 2121 4426 ss-

363 4491 503 4556 quemur,
528 4491 594 4538 eam
617 4493 683 4538 esse
706 4467 904 4537 emeritorum
925 4473 1079 4554 requiem,
1109 4477 1145 4538 ut
1165 4495 1225 4540 non
1245 4477 1277 4540 in
1301 4477 1458 4559 posterum
1476 4494 1595 4560 quoque
1618 4478 1650 4541 in
1671 4479 1804 4562 negotiis
1825 4479 1962 4563 politicis
1983 4481 2123 4546 laborare

362 4593 519 4676 cogantur,
540 4592 594 4656 sed
615 4593 692 4658 sibi
714 4593 815 4674 ipsis
833 4593 1053 4676 permittantur
1073 4593 1112 4658 ad
1133 4591 1257 4678 exiguas
1278 4597 1361 4660 vitae
1379 4597 1525 4678 reliqrdas
1546 4597 1580 4661 in
1595 4599 1658 4662 otio
1681 4598 1802 4665 liberali
1815 4600 2002 4684 peragendas
2018 4619 2121 4680 nemo,

363 4713 479 4796 opinor,
501 4711 617 4778 infitias
639 4711 713 4775 ibit:
736 4729 812 4794 quae
832 4712 937 4776 cutem
957 4713 995 4776 ab
1016 4713 1187 4777 Aristotele
1209 4714 1253 4778 eis
1276 4715 1467 4798 excogitatur
1488 4717 1656 4801 occupatio,
1677 4718 1765 4782 utne
1788 4717 1971 4800 sicquidem
1992 4719 2123 4784 inutiles

362 4831 480 4914 patriae
501 4830 574 4907 sint,
597 4829 677 4893 sicut
698 4827 881 4912 dignissima
905 4846 1009 4894 comm
1030 4830 1141 4908 astate,
1163 4833 1209 4898 ita
1222 4853 1413 4918 nequaquam
1435 4837 1566 4902 molesta
1588 4839 1636 4902 est
1657 4840 1688 4901 et
1706 4856 1812 4921 reapse
1826 4837 1865 4902 ad
1883 4839 1983 4903 otiam
1997 4840 2125 4906 tanturn

362 4950 496 5032 pertinet
515 4947 684 5013 libsmliter
705 4949 953 5014 consumendum.

529 5141 575 5202 3⁴)
594 5136 702 5192 codeces
720 5138 803 5190 nera.
822 5153 878 5188 eum
898 5139 966 5190 Guil.
986 5148 1011 5190 at
1029 5157 1064 5206 pr.
1084 5142 1130 5192 1³⁵.

530 5226 577 5291 35)
596 5225 638 5276 Sic
657 5226 785 5286 Aretinus,
804 5226 862 5277 τοῖο
881 5219 1033 5292 ἱερωσύναις
1051 5243 1107 5278 curn
1126 5237 1172 5280 cet.
1190 5229 1271 5282 Bekk.
