4670 5824
1019 407 1273 483 ..17-

262 617 306 704 εῖη
334 615 376 687 ἂν
403 622 571 709 συμβλητὰ
601 623 721 690 πάντα·
758 622 891 689 τοσόνδε
914 619 981 708 γὰρ
1016 621 1158 710 μόγεξεος
1186 624 1213 688 εἰ
1240 627 1381 707 κρεῖττον
1410 623 1559 704 τοσοῦδε,
1590 621 1722 688 τοσόνδε
1749 623 1846 701 δῆλον
1873 621 1916 698 ὧς·
1943 617 2026 704 ἴσον,

264 741 973 829 12831,6---9,111ἰιιιιιιιιμέγε1ος(ν.8.)
1004 741 1032 805 si
1058 743 1141 806 recte
1168 760 1202 806 se
1227 741 1333 818 habet,
1363 739 1484 823 copiam
1511 757 1724 822 summamque
1744 742 1913 827 significat,
1942 741 2027 807 velut

262 861 402 939 virtuts,
431 859 622 938 nobilitatis,
655 861 851 925 diuitiarum:
885 860 919 924 at
944 879 1000 943 per
1026 861 1161 944 reliquas
1191 877 1298 924 omncs
1327 859 1418 922 huius
1444 859 1506 922 loci
1531 860 1634 942 partes
1661 862 1732 926 inde
1760 880 1779 926 c
1805 882 1834 926 v.
1856 863 1887 926 4.
1915 861 2027 942 ubique

261 979 396 1061 corporis
416 978 662 1062 magnitudinem
685 980 783 1056 sonat,
804 996 881 1061 quoe
904 997 975 1043 cum
997 980 1107 1045 ceteris
1130 980 1195 1044 illie
1217 980 1307 1044 bonis
1329 979 1538 1062 comparatur:
1569 977 1631 1042 nisi
1653 979 1750 1062 igitur
1771 981 1868 1045 etiam
1888 981 2028 1069 μέγεθος

259 1100 421 1187 μεγέειους
446 1097 612 1162 admittere
641 1099 789 1176 velimus,
824 1117 935 1180 auceps
962 1098 1115 1164 eiusmodi
1141 1100 1172 1163 et
1195 1098 1408 1182 perturbatum
1430 1096 1551 1162 dicendi
1571 1115 1668 1180 genus
1691 1097 1754 1162 leni
1777 1099 2028 1165 emendationee

260 1216 363 1281 medio
386 1217 496 1282 tollere
515 1219 660 1300 praestat.

426 1337 589 1401 Praeterea
610 1337 643 1400 in
664 1337 723 1399 boc
745 1337 845 1419 capite
867 1337 1009 1419 conupta
1033 1354 1092 1400 ror
1117 1353 1183 1401 esse
1206 1334 1327 1401 ridetur
1348 1334 1507 1422 εὐγενεῖς,
1537 1353 1566 1398 v.
1590 1335 1639 1398 16.
1683 1335 1778 1400 Ροεεο
1800 1335 1925 1418 quidem
1946 1337 2027 1400 inter

261 1472 297 1518 ea
322 1455 416 1533 bona,
444 1455 554 1538 quibus
577 1455 610 1518 in
632 1451 758 1520 civitate
779 1451 904 1519 nitatur
923 1456 1077 1520 maiomm
1097 1456 1200 1520 iruum
1218 1455 1402 1538 postulatio,
1432 1453 1528 1517 etiam
1556 1453 1752 1520 nobilitatem
1773 1454 1875 1519 afferri
1895 1455 2027 1520 libenter

260 1573 400 1650 concedo,
423 1575 477 1640 sed
498 1575 552 1640 ubi
576 1575 613 1640 de
636 1574 681 1639 eis
701 1575 833 1654 tentum
855 1575 921 1639 sine
944 1575 1053 1656 quibus
1071 1574 1245 1658 respublica
1266 1575 1320 1638 aut
1340 1573 1473 1655 nequeat
1494 1574 1597 1636 extare
1617 1576 1672 1637 aut
1693 1592 1790 1656 usque
1813 1575 1916 1638 extare
1935 1577 2026 1657 queat

260 1709 357 1773 neque
377 1693 454 1758 bene
475 1692 695 1770 administrari,
717 1711 818 1757 sermo
841 1693 897 1770 sit,
926 1693 978 1757 vix
999 1694 1117 1776 potuit:
1147 1712 1219 1758 nam
1237 1710 1298 1758 non
1324 1694 1372 1757 est
1391 1692 1472 1756 tanti
1495 1691 1654 1757 momenti
1698 1691 1828 1756 Accedit
1849 1693 1943 1774 quod,
1972 1693 2027 1760 ubi
2100 1759 2103 1766 ,

260 1809 387 1876 diutine
407 1813 575 1877 atlenmtur
595 1815 627 1878 et
649 1812 757 1891 virtus,
775 1831 813 1876 ne
836 1830 912 1896 opus
934 1812 1059 1895 quidem
1074 1814 1122 1876 est
1136 1811 1256 1876 adicere
1276 1811 1487 1889 nobilitatem,
1509 1811 1545 1876 ut
1566 1829 1643 1893 quae
1661 1810 1742 1874 nihil
1758 1811 1821 1876 nisi
1838 1812 1964 1878 virtutis
1984 1813 2027 1878 sit

259 1931 352 2012 atque
378 1931 559 1997 divitiarum
589 1931 763 1996 coniunctio
792 1949 847 2013 per
876 1932 1004 1997 eandem
1030 1931 1183 1996 familiam
1204 1930 1376 1995 hereditate
1400 1931 1569 2016 propagata
1591 1930 1663 2016 (VI,
1693 1931 1863 2008 112941,
1889 1934 1930 1995 20
1960 1951 2025 2014 sqq.

259 2045 530 2130 v,1.1eoob,1
556 2053 645 2136 sqq.).
688 2051 760 2115 Non
785 2051 883 2134 igitur
904 2050 1020 2114 mirum
1047 2049 1110 2128 est,
1138 2049 1167 2114 si
1194 2049 1399 2114 Aristotelem
1425 2049 1581 2127 ridemus,
1611 2067 1665 2113 cur
1694 2048 1837 2128 dinbas,
1866 2051 2024 2130 virtutem,

258 2167 435 2234 libertatem
457 2170 616 2248 attulerit,
645 2171 800 2235 rationem
819 2169 1013 2249 reddentem,
1042 2169 1157 2234 deuna
1177 2169 1343 2234 nobilitate
1364 2169 1473 2234 eodem
1494 2168 1595 2234 officio
1615 2168 1872 2252 supersedentem.
1916 2171 2025 2236 Nonne

258 2286 322 2351 ism
343 2287 413 2352 inde
434 2307 512 2353 eum¹
525 2289 649 2354 omnino
676 2289 714 2354 cb
739 2307 774 2354 eo
796 2289 1000 2355 memoratam
1022 2306 1083 2353 non
1110 2307 1177 2352 esee
1200 2287 1444 2371 suspicabimur?
1472 2287 1532 2352 Sed
1559 2287 1619 2351 hoc
1641 2286 1706 2352 iure
1734 2289 1839 2353 nostro
1866 2291 2025 2369 muamur,

258 2407 287 2470 si
308 2407 457 2473 vitutem
469 2427 532 2474 non
545 2408 646 2492 primo
666 2409 733 2474 loco
749 2412 821 2474 ante
843 2411 944 2474 cetera
959 2408 1063 2474 omnia
1083 2408 1201 2487 attulit,
1224 2407 1278 2472 sed
1299 2408 1337 2473 ab
1359 2405 1450 2470 initio
1471 2405 1670 2472 nobilitatem
1689 2407 1822 2485 tantum,
1838 2408 2024 2488 libertatem,

258 2525 384 2592 diuitim
415 2528 567 2592 eiusmodi
594 2529 674 2593 bona
703 2547 807 2593 essee
833 2527 1083 2612 praecedentibus
1104 2525 1205 2592 verbis
1231 2525 1359 2608 collegit
1385 2524 1504 2610 (διόπερ
1534 2559 1573 2572 -
1596 2524 1761 2611 πλούσιοι,
1790 2546 1819 2591 v.
1844 2526 1882 2590 16
1906 2531 1965 2612 sq.)
1983 2530 2024 2606 et,

256 2647 421 2728 postquam
447 2647 539 2711 huius
564 2647 611 2711 rei
638 2665 779 2713 caussam
808 2648 928 2731 aperuit
957 2649 1022 2733 (δεῖ
1044 2645 1112 2734 γὰρ
1142 2643 1600 2729 —eoduo,v.17-19.),
1626 2645 1697 2708 tum
1723 2643 1849 2710 demum
1875 2645 2025 2710 virtutem

256 2764 433 2846 appendicis
460 2766 559 2830 instar
588 2765 718 2831 induxit
763 2765 846 2846 Quid
873 2765 995 2830 multa?
1024 2762 1134 2828 Numa
1155 2762 1260 2846 potius
1287 2763 1462 2842 ἐπιεικεῖς
1483 2762 1642 2847 scripsisse
1662 2761 1807 2828 ridetur?
1840 2763 1892 2828 Sic
1912 2763 2025 2830 melius

257 2883 361 2947 omnia
388 2884 565 2968 procedunt.
610 2884 791 2950 Chiasmum
827 2883 910 2950 enim
943 2883 1091 2948 adhibens
1118 2882 1150 2946 in
1177 2881 1453 2961 demonstratione,
1484 2883 1521 2947 nt
1551 2900 1570 2946 a
1595 2882 1715 2948 minore
1744 2901 1779 2946 re
1805 2883 1845 2948 ad
1874 2883 2025 2950 maiorem

255 3003 402 3081 mussat,
425 3003 491 3068 sine
512 3003 656 3069 libertate
682 3006 714 3068 et
735 3003 865 3081 divitiis
888 3021 963 3086 quas
982 3003 1073 3066 antea
1093 3001 1127 3064 in
1147 3000 1316 3084 posteriore
1338 3000 1405 3066 loco
1426 3004 1579 3084 posuerat,
1600 3003 1824 3086 rempublicam
1839 3003 1942 3068 extare
1963 3022 2025 3069 non

255 3137 346 3204 posse
378 3122 480 3204 priore
506 3125 612 3188 monet
643 3124 676 3188 et
700 3123 870 3206 posteriore
892 3122 1017 3187 demum
1045 3120 1082 3185 de
1108 3120 1237 3197 uirtute,
1264 3137 1358 3200 quam
1378 3121 1506 3186 candem
1527 3121 1627 3204 ipsam
1648 3122 1686 3187 ob
1709 3139 1850 3186 caussam
1870 3123 2023 3188 antoecis

255 3239 470 3322 praemiserat,
493 3259 554 3306 non
575 3242 677 3306 solum
698 3241 782 3305 idem
803 3241 905 3306 valere
927 3240 1018 3316 dicit,
1045 3256 1153 3303 verum
1175 3239 1271 3303 etiam
1292 3257 1353 3303 non
1373 3258 1464 3323 posse
1485 3242 1551 3306 sine
1573 3260 1609 3306 ca
1628 3241 1851 3326 rempublicam
1871 3241 1948 3306 bene
1968 3242 2023 3307 ad-

255 3357 436 3422 ministrari.
479 3359 688 3443 Interptlnutio
711 3361 808 3444 igitur
829 3360 875 3424 sie
896 3359 959 3423 1616
980 3357 1040 3422 6111
1060 3356 1266 3422 restituenda:
1293 3356 1399 3444 διόπερ
1426 3358 1569 3448 εὐλόγως
1598 3361 1836 3429 ἀνειποιοῦνεαι
1859 3361 1912 3442 τῆς
1933 3363 2024 3449 πιμῆς

255 3479 287 3544 οἱ
312 3479 489 3555 ἐπιεικεῖς
517 3478 574 3547 καῖ
604 3480 763 3566 ἔλεύβεροι
791 3476 848 3548 καὶ
877 3480 1033 3546 πλούσιοι.
1054 3483 1106 3544 δεῖ
1125 3473 1194 3564 γὰρ
1222 3477 1410 3563 ἐλευθέρους
1434 3477 1456 3544 ε’
1475 3471 1556 3546 εἶναι
1576 3476 1632 3548 καὶ
1653 3478 1774 3568 πόμημα
1795 3479 1951 3566 φέροντας
1970 3479 2023 3565 (οὗ

254 3596 322 3685 γὰρ
343 3589 387 3664 dv
407 3591 453 3680 εῖη
473 3598 561 3678 πόλις
583 3601 617 3684 ἐξ
638 3599 769 3686 ἀπόρων
789 3599 920 3666 πάντων
942 3593 1047 3683 ὥσπερ
1068 3595 1134 3664 οὐδ’
1159 3597 1197 3663 ἐκ
1218 3595 1369 3680 δούλων),
1397 3595 1482 3664 ἀλλὰ
1502 3595 1568 3684 μὴν
1589 3601 1617 3666 εἰ
1637 3605 1690 3666 δεῖ
1702 3599 1834 3684 τούτων,
1856 3601 1954 3682 δῆλον
1974 3593 2022 3668 όπι

254 3713 311 3783 καὶ
331 3717 541 3799 δικαιοσύνης
561 3716 619 3786 καὶ
636 3717 689 3802 τὴς
703 3721 874 3805 πολεμικῆς
896 3716 1021 3804 ἀρετῆς·
1045 3713 1119 3784 οὐδὲ
1140 3712 1208 3804 γὰρ
1224 3707 1306 3783 όνευ
1327 3715 1447 3783 τούτων
1466 3718 1628 3796 οἰκεῖσθαι
1651 3717 1743 3786 πόλιν
1765 3719 1918 3798 δυναεόν,
1940 3718 2021 3802 πλὴν
2046 3757 2050 3770 ·

254 3828 334 3901 ἄνευ
355 3833 415 3920 μὲν
437 3836 500 3902 cciv
522 3838 679 3924 προτέρων
700 3837 867 3906 ἀδύναεον
887 3829 968 3903 εἶναι
989 3837 1093 3920 πόλιν,
1115 3828 1196 3902 doro
1217 3831 1253 3902 δέ
1273 3834 1393 3902 τούτων
1415 3838 1578 3915 οἰκεῖσθαι
1598 3840 1708 3916 καλεῖς
1729 3840 1770 3924 (v.
1789 3839 1935 3924 16-22).

420 3953 559 4036 Denique
581 3957 614 4019 in
631 3957 731 4040 capite
759 3957 872 4022 tertio
900 3955 1040 4020 decimo
1061 3953 1144 4018 haud
1166 3953 1258 4017 dubie
1275 3954 1347 4036 post
1368 3952 1484 4042 ὁμοίως
1507 3954 1541 4024 δὲ
1563 3955 1711 4044 φήσομεν
1731 3957 1863 4035 δικαίως
1883 3956 1941 4025 καὶ
1963 3956 2019 4040 τὴν

253 4072 368 4156 ἀρετὴν
389 4073 613 4160 ἀμφισβητεῖν,
637 4075 754 4155 12831,
775 4075 816 4140 37
838 4094 895 4158 sq,
923 4073 1144 4138 interciderunt
1171 4072 1263 4136 verba
1291 4071 1356 4140 arai
1382 4073 1555 4161 μάλιστα
1590 4075 1656 4159 τὴν
1683 4075 1940 4159 δικαιοσύνην
1965 4077 2020 4141 aut

252 4193 303 4256 his
323 4192 454 4269 11111111,
479 4192 518 4257 ad
543 4211 620 4274 quae
647 4195 819 4259 referuntur
847 4194 1007 4276 sequentia
1033 4191 1228 4276 annumeratio
1255 4191 1322 4282 γὰρ
1341 4192 1456 4280 ἀρετὴν
1485 4188 1569 4262 εἶναι’
1587 4223 1696 4280 φαμεν
1718 4194 1775 4278 τὴν
1796 4193 2018 4280 δικαιοσόιιιην,

252 4301 275 4397 ᾗ
296 4311 407 4389 redona
427 4311 615 4399 ἀναγκαῖον
637 4313 833 4392 ἀκολουθεῖν
854 4311 911 4392 τὰς
932 4306 1044 4390 datae.
