4684 5830
1102 411 1355 488 ...20-

347 630 386 696 ad
414 626 611 694 statuendum
640 625 761 692 dicendi
787 643 884 711 genua
915 643 975 690 non
1003 623 1081 690 satis
1109 629 1287 695 accumtum
1309 626 1488 709 confugere:
1521 625 1575 691 sad
1596 626 1629 692 in
1662 625 1754 692 dubio
1781 641 1854 690 eane
1880 625 1929 690 vel
1958 626 2004 690 sic
2033 629 2116 690 esset

346 747 555 830 relinquenda.
599 746 750 830 Equidem
772 741 833 814 ὅλα
854 745 976 832 popm&
995 745 1074 831 μέλη
1097 746 1238 828 opposita
1251 747 1356 828 potius
1378 763 1445 811 esse
1467 745 1599 811 arbitror
1624 745 1811 812 carminibus
1833 745 2009 811 amoebaeis
2030 745 2117 810 chori

346 870 399 936 uel
427 866 591 952 coryphaei
620 867 652 930 et
674 863 873 942 histrionum,
904 881 1034 946 quomm
1060 881 1157 928 unum
1178 864 1260 930 certe
1273 881 1370 947 genus
1391 862 1502 927 attulit
1526 861 1657 948 scriptor
1684 879 1822 928 commos
1848 861 1959 927 ceteris
1980 861 2117 944 partium

347 988 487 1072 partibus
509 984 633 1052 omuino
655 983 814 1069 neglectis.
859 982 942 1062 Quas
955 999 1035 1080 cum
1057 982 1292 1066 haudquaquam
1307 982 1469 1058 curaverit,
1491 1000 1526 1047 ec
1542 982 1643 1066 magis
1665 1000 1746 1046 nunc
1768 999 1887 1066 quoque
1911 999 1981 1048 cum
2003 981 2115 1064 Leop.

349 1103 626 1187 Schmidtio³⁴)
647 1103 742 1167 verba
762 1099 858 1170 κοινὰ
877 1100 938 1190 plo
959 1139 1001 1150 -
1022 1101 1140 1188 κόμμοι
1163 1120 1193 1166 v.
1206 1102 1245 1166 17
1266 1120 1311 1185 sq.
1333 1119 1394 1166 non
1413 1100 1453 1165 ab
1473 1117 1508 1165 ao
1531 1101 1646 1185 scripte
1667 1117 1735 1166 esea
1755 1099 1897 1179 arbitror,
1923 1100 1978 1182 qui
1999 1100 2117 1182 primus

348 1229 408 1290 hoc
435 1225 527 1308 caput
553 1222 685 1286 inseruit
710 1223 744 1286 in
770 1222 891 1305 poetica
924 1219 1127 1296 Aristotelea,
1158 1221 1211 1284 sed
1238 1221 1277 1286 ah
1298 1221 1360 1286 alio
1389 1219 1507 1297 addita,
1537 1220 1591 1302 qui
1621 1225 1746 1303 propter
1768 1219 1882 1284 commi
1905 1219 2118 1283 definitionem

269 1432 272 1438 Ι
349 1344 428 1408 inira
450 1361 479 1408 u.
502 1341 544 1406 24
573 1359 618 1422 eq.
639 1339 809 1418 adiectam,
846 1341 878 1404 in
907 1339 1085 1421 quostiam
1110 1338 1229 1416 desis,
1260 1357 1337 1422 quae
1360 1342 1433 1404 sunt
1463 1337 1527 1407 deri
1550 1340 1687 1422 σκηνῆς,
1719 1357 1820 1404 sermo
1841 1339 1902 1416 est,
1931 1339 1995 1402 iam
2027 1355 2119 1420 supra

349 1480 469 1547 quoque
495 1479 557 1528 non
585 1459 692 1525 omitti
718 1476 808 1542 posse
828 1459 1028 1538 utrorumque
1049 1457 1239 1523 mentionem
1258 1457 1320 1522 sibi
1341 1457 1543 1541 persuaserit,
1575 1473 1682 1538 reapse
1710 1473 1782 1522 vero
1804 1455 2042 1539 interpolatione
2061 1475 2117 1520 sua

351 1579 520 1663 corruperit
551 1579 583 1643 et
610 1577 874 1644 continuationem
901 1575 1125 1640 sententiarum
1153 1577 1186 1640 et
1211 1575 1342 1640 domasse
1368 1576 1469 1658 ipsam
1497 1575 1611 1640 commi
1645 1575 1875 1640 definitionem:
1912 1576 1984 1640 utut
2012 1577 2117 1640 tamen

351 1700 428 1764 haec
448 1715 497 1764 res
520 1715 553 1762 ec
575 1696 677 1774 habet,
705 1695 786 1758 certe
808 1695 904 1760 miror
919 1693 1222 1776 Westphulium,
1245 1693 1327 1777 quod
1358 1693 1447 1758 verba
1469 1693 1525 1757 illa
1547 1694 1592 1758 ita
1620 1693 1790 1770 intellexit,
1819 1695 1856 1757 ut
1877 1693 2020 1759 omnibus
2047 1693 2117 1758 dra·

350 1819 472 1885 matum
492 1815 662 1900 'generibus
688 1815 865 1879 communia
892 1813 1053 1896 prologus,
1088 1813 1234 1895 paredus,
1264 1811 1415 1895 apisodia,
1446 1813 1592 1888 stasima,
1626 1811 1739 1878 exodus
1770 1829 1837 1876 esse
1866 1811 2021 1888 dieantur,
2054 1815 2069 1877 t
2102 1849 2118 1861 -

351 1935 481 2021 guadias
503 1935 627 2019 propria
649 1934 765 2000 commi
787 1935 819 1998 et
841 1933 1012 1998 cantilenae
1035 1933 1202 2008 scaenicae,
1224 1949 1295 1996 cum
1317 1931 1397 1995 mihi
1417 1931 1485 1996 luca
1507 1930 1620 1996 clarius
1642 1931 1782 1996 videatur
1802 1949 1838 1994 ex
1857 1931 1939 2008 eius,
1968 1931 2023 2012 qui
2044 1933 2119 1996 haec

351 2055 485 2140 scripsit,
515 2053 669 2120 sententia
690 2052 747 2117 illa
776 2052 809 2116 in
829 2051 998 2134 tragoediis
1021 2050 1163 2116 omnibus
1184 2050 1325 2127 inveniri,
1353 2051 1428 2114 haec
1449 2050 1480 2112 in
1504 2049 1687 2131 quibusdam
1714 2047 1896 2135 tantum⁸⁵).
1948 2049 1992 2114 Ut
2014 2055 2118 2114 sutem

351 2175 391 2240 ad
412 2173 589 2255 corruptam
607 2171 738 2236 fumasse
761 2170 819 2234 hoc
847 2168 1059 2236 additamento
1086 2168 1297 2233 definitionem
1318 2169 1433 2234 commi
1455 2170 1599 2247 reuertar,
1629 2169 1661 2233 iu
1682 2187 1718 2233 ea
1744 2170 1772 2233 si
1794 2169 1873 2235 illud
1894 2169 2029 2248 deesset,
2057 2188 2119 2234 non

353 2307 492 2356 essemus
521 2290 622 2356 osci
643 2286 707 2355 ἀπὸ
730 2289 852 2370 σκηνῆς
873 2287 910 2352 de
931 2287 1072 2352 cantibus
1095 2289 1217 2354 tantm
1238 2287 1385 2353 scaenicis
1408 2287 1603 2371 intellegere:
1626 2287 1755 2371 quodsi
1783 2305 1844 2354 non
1872 2288 2121 2354 desistentem

353 2410 619 2493 intellegeremus,
642 2407 716 2472 tunc
737 2406 863 2470 demum
884 2407 917 2470 iu
935 2425 1042 2472 omnes
1064 2425 1202 2472 commus
1224 2407 1387 2491 quadraret
1409 2405 1558 2484 delinitio,
1581 2425 1658 2489 quac
1680 2425 1761 2471 nunc
1781 2406 1925 2472 abhorret
1946 2408 1985 2472 ab
2007 2409 2061 2483 eis,
2084 2410 2118 2472 in

353 2529 464 2614 quibus
486 2527 570 2593 cauit
600 2527 684 2592 solus
712 2527 839 2605 chorus,
871 2525 983 2590 histrio
1010 2543 1080 2591 vero
1104 2526 1216 2592 recitat
1239 2527 1411 2610 systemata
1434 2524 1629 2608 anapaestico
1657 2525 1696 2590 ad
1731 2541 1822 2590 sonos
1843 2525 2120 2592 instrumentomm

352 2647 543 2714 musicorum
556 2641 604 2730 ⁸⁸).

434 2781 438 2788 ·
520 2765 665 2830 Ceterum
687 2763 746 2830 hoc
766 2761 917 2828 recitandi
930 2779 1036 2845 genus,
1058 2761 1139 2843 quod
1153 2781 1209 2830 nos
1223 2763 1511 2832 malodramaticum
1529 2763 1734 2840 nominamus,
1756 2763 1918 2828 aGraecis
1933 2763 2122 2848 appellatum

354 2903 422 2950 csse
451 2883 728 2972 aucmentquo
760 2901 866 2948 omncs
892 2882 984 2948 hodia
1005 2881 1301 2965 Westphalium
1326 2883 1426 2948 secuti
1452 2882 1649 2948 arbitrantur.
1693 2881 1801 2964 Neque
1823 2899 1879 2965 ago
1901 2883 1930 2946 ie
1951 2901 2036 2962 sum,
2066 2885 2121 2966 qui

354 3006 453 3070 talem
468 3003 654 3085 ,concentum
675 3002 798 3066 turbare
819 3001 928 3078 uelim,
958 3003 992 3066 at
1011 3001 1219 3066 confitendum
1237 3002 1343 3068 tamen
1364 3002 1430 3068 erat
1451 3020 1471 3065 a
1492 3002 1673 3080 Plutarcho,
1704 3002 1855 3086 adquam
1876 3005 2052 3086 provocant,
2083 3003 2122 3068 de

355 3142 435 3190 mus.
458 3141 484 3188 c.
505 3123 557 3188 28.
581 3123 673 3187 1141.
689 3123 731 3186 Α.
754 3120 905 3205 expressis
925 3121 1031 3204 potius
1053 3121 1154 3186 verbis
1176 3121 1255 3186 hanc
1277 3121 1315 3186 ab
1337 3121 1393 3187 illo
1415 3122 1530 3188 dirimi.
1574 3123 1746 3205 Postquam
1766 3125 1851 3188 enim
1871 3124 1953 3190 inter
1974 3142 2019 3200 ea,
2043 3142 2123 3206 quac

355 3246 394 3310 ab
414 3243 602 3310 Archilocho
626 3242 753 3310 'eruenta
780 3240 857 3318 sint,
890 3239 987 3306 etium
1019 3237 1297 3328 παρακαταλογὴν
1319 3238 1377 3310 καὶ
1399 3239 1457 3324 τὴν
1481 3239 1547 3328 περὶ
1569 3243 1672 3310 ταῦτα
1693 3244 1830 3330 κροῦσιν
1858 3244 2123 3318 annumeravit,

355 3363 462 3448 paucis
483 3362 556 3428 aliis
575 3358 668 3427 rebus
688 3360 861 3426 interiectis
883 3359 961 3425 dicit
980 3359 1183 3443 praeterea
1203 3353 1258 3444 (in
1281 3356 1328 3443 dh)
1349 3359 1408 3424 hoo
1428 3376 1549 3442 quoque
1570 3360 1609 3425 ab
1629 3377 1665 3426 eo
1688 3361 1837 3426 novatum
1858 3377 1944 3426 esse:
1966 3363 2029 3430 uio
2049 3364 2124 3447 ῐαμ.

357 3483 451 3570 βείων
471 3480 511 3548 τὰ
532 3478 593 3568 μὲν
614 3480 772 3568 λέγεσθαι
793 3478 882 3566 παρὰ
905 3478 961 3562 τὴν
982 3478 1119 3565 κροῦσον
1143 3475 1183 3546 τὰ
1204 3478 1229 3548 6⁸
1254 3473 1397 3563 ᾄδεσθαι
1417 3478 1611 3565 Ἀρχίλοχόν
1632 3505 1715 3564 φασι
1738 3486 1936 3566 καταδεῖξαι,
1957 3473 2016 3558 els'
2038 3475 2124 3546 olan

355 3603 551 3686 χρήσασθαι
578 3596 652 3675 τοὺς
679 3597 854 3686 τραγικοὺς
882 3598 1021 3680 ποιητάς.
1064 3597 1191 3662 humere
1216 3597 1322 3662 umen
1344 3597 1403 3664 hao
1428 3597 1462 3662 in
1482 3615 1515 3664 ra
1537 3598 1740 3666 Plutarchum
1762 3597 1813 3662 val
1832 3617 1904 3664 eum
1923 3599 2002 3676 hm,
2030 3617 2126 3681 quem

358 3717 534 3804 exscripsit,
563 3715 729 3781 ostendunt
750 3716 853 3782 Prohl.
876 3715 961 3793 ΠΧ,
982 3715 1012 3783 6.
1034 3715 1132 3794 918a,
1156 3716 1197 3780 10
1218 3733 1285 3798 sqq.
1318 3713 1373 3783 διὰ
1392 3715 1460 3798 sisi
1482 3717 1738 3805 οαροκαοαλογὴ
1766 3719 1801 3786 lv
1824 3724 1897 3820 pain
1924 3717 2022 3802 ᾠδαῖς
2051 3747 2127 3806 epa.

356 3837 469 3929 pressim
496 3829 517 3922 ἢ
542 3834 599 3904 διὰ
626 3835 683 3918 τὴν
704 3833 905 3921 ἀνωμαλίαν.
949 3832 1130 3918 ποιητικὸν
1154 3832 1222 3922 γὰρ
1249 3833 1283 3902 τὸ
1304 3833 1474 3921 &copratha
1495 3835 1553 3904 καὶ
1574 3838 1609 3904 ἓν
1630 3837 1761 3925 μεγέθει
1783 3837 1884 3921 τύχης
1904 3830 1923 3918 ἢ
1942 3836 2059 3920 λύπης·
2088 3839 2127 3906 τὸ

232 4047 239 4059 .
358 3955 393 4028 ol
418 3955 544 4044 &paldo
570 3949 700 4022 {meson
727 3955 857 4042 μοῶοες.
907 3952 1051 4036 Namque
1071 3952 1109 4018 de
1131 3970 1191 4036 qua
1211 3954 1270 4018 hoc
1290 3953 1358 4019 loco
1380 3972 1484 4022 sermo
1507 3956 1556 4020 est
1576 3955 1781 4037 inaequalitas
1807 3955 2008 4043 (ἀνωμαλία,
2038 3955 2128 4024 ἀνω-

357 4076 470 4162 μολές)
496 4075 582 4140 nulla
609 4073 672 4140 alia
694 4090 761 4138 esec
781 4071 886 4157 potest
907 4072 970 4138 nisi
991 4089 1069 4154 quae
1085 4071 1123 4136 ‘in
1145 4071 1191 4136 eis
1212 4071 1399 4137 carminibus
1421 4073 1598 4157 tragoediae
1619 4073 1742 4157 lyricis,
1769 4092 1847 4156 quaa
1868 4093 1884 4139 e
1906 4074 2069 4140 cantilenis
2092 4081 2129 4142 et

358 4195 564 4279 systematum
580 4191 846 4277 anapaesticorum
866 4191 1048 4258 recitatione
1068 4189 1322 4257 melodramatica
1344 4191 1517 4276 composita
1534 4193 1615 4271 sunt,
1638 4195 1707 4277 ipsa
1727 4191 1784 4282 illa
1802 4193 1964 4275 utriusque
1977 4195 2130 4262 clementi

360 4315 514 4380 contraria
535 4315 645 4378 natura
667 4311 850 4378 continetur.

528 4638 575 4706 84)
594 4637 668 4689 Iahni
687 4653 746 4689 ann.
763 4638 782 4688 l.
801 4635 819 4686 l.
839 4649 864 4700 p.
885 4638 935 4686 788
952 4649 990 4700 eq.

529 4722 577 4791 88)
595 4721 634 4774 Ne
652 4723 709 4789 quis
729 4722 875 4775 femininum
893 4717 1007 4776 dunois
1031 4723 1156 4789 requirat,
1182 4719 1214 4772 cl.
1232 4734 1255 4770 o.
1276 4725 1316 4772 18.
1337 4725 1402 4772 1488
1413 4736 1438 4782 ο,
1457 4725 1490 4772 28
1510 4737 1565 4788 sqq.
1592 4725 1646 4776 scis
1663 4716 1692 4776 de*
1710 4721 1812 4777 lomois
1830 4719 1864 4777 soi
1882 4719 1998 4796 ᾀδόμενοι
2021 4725 2129 4798 <οὑ>

358 4807 463 4879 μᾶλλον
488 4805 536 4864 rot
557 4805 649 4878 μύθου
672 4801 692 4876 ἢ
714 4801 797 4876 ἄλλης
823 4802 971 4877 τραγῳδίας
995 4805 1078 4863 ἐστίν·
1102 4802 1146 4861 διὸ
1171 4802 1305 4876 ἐμβόλιμοι
1329 4801 1438 4875 ᾅδουσιν
1459 4803 1568 4876 πρῶτον
1591 4802 1720 4877 ἄρξοντος
1742 4805 1905 4878 'Apicum
1929 4809 1977 4868 τοῦ
1996 4812 2132 4870 resosirce.

360 4899 448 4952 salros
464 4898 493 4949 sl
506 4890 628 4964 διαφέρει
646 4889 665 4966 ἢ
681 4892 814 4965 ἕμβόλιμο
832 4889 906 4962 ᾅδειν
922 4890 941 4963 ἢ
958 4889 985 4948 es'
1001 4891 1079 4963 ῥῆσιν
1097 4891 1131 4956 ἐξ
1147 4887 1252 4948 ἄλλον
1269 4889 1313 4949 es's
1330 4890 1412 4950 «illo
1430 4892 1560 4966 cippsdrros
1577 4890 1596 4963 ἢ
1614 4891 1763 4950 ἐπεισόδιον
1779 4891 1857 4960 aaa

528 4985 576 5050 88)
595 4983 674 5036 Velut
691 4999 707 5033 a
726 4999 824 5036 commo
842 4984 939 5044 Aiacis,
958 4985 990 5034 ds
1007 4997 1057 5048 quo
1077 4998 1155 5052 snpra
1173 4982 1213 5048 (n.
1232 4985 1280 5048 81)
1299 4983 1376 5033 verba
1393 4983 1449 5044 leci,
1469 4993 1492 5034 et
1511 4985 1719 5050 Agamemnonis.
