4670 5824
1011 311 1265 386 „11-

249 524 368 590 detavit
390 525 579 591 Stahrins.
624 525 768 590 ceterum
789 525 964 592 Guilelmus
990 527 1113 590 tantum
1135 527 1166 589 et
1194 545 1235 590 rc.
1260 527 1299 588 Ρ3
1326 525 1457 590 offenmt
1477 521 1600 612 ἄποροι,
1628 523 1677 586 ll·
1700 525 1745 588 P¹·
1759 525 1780 564 2·
1796 526 1816 565 ⁴·
1831 524 1878 588 Ra
1902 525 1948 590 Vl
1970 527 2011 591 L·

246 645 393 708 dratinus
415 644 513 710 Aldus
536 661 607 710 cum
628 665 673 728 pr.
695 645 736 740 l‘⁸
757 639 894 734 εὔποροι.

412 763 504 828 Haud
530 764 629 828 multo
660 762 817 829 difficilior
848 767 896 828 est
922 764 1060 846 quaestio
1089 765 1126 827 de
1153 746 1243 829 initio
1272 765 1381 847 capitis
1407 764 1578 829 secundi
1608 761 1669 831 ἐπεὶ
1701 762 1733 831 δὲ
1760 768 1944 850 σκοποῦμεν
1973 769 2010 835 ἐκ

246 882 340 952 τίνων
362 879 404 950 οἵ
419 912 449 950 τε
471 885 601 960 στάσεις
621 882 767 970 γίνονται
790 883 846 955 καὶ
869 885 904 950 αι’
923 883 1097 971 μεταβολαὶ
1121 883 1186 970 περὶ
1211 882 1267 962 τὰς
1291 884 1455 961 πολιτείας,
1485 885 1617 964 ληπτέον
1639 883 1788 960 καθόλου
1809 886 1931 970 πρῶτον
1953 888 2009 964 τὰς

245 1001 355 1086 ἀρχὰς
376 1000 432 1070 καὶ
455 999 511 1078 τὰς
533 1001 636 1078 αἰτίας
659 1003 776 1070 αὐτῶν.
803 1001 863 1069 εἰσὶ
885 1001 920 1070 δὲ
947 1002 1068 1086 σχεδόν
1098 1001 1140 1083 ὡς
1167 1007 1261 1070 εἰπεῖν
1289 1012 1373 1090 repeda
1397 1004 1452 1072 τὸν
1482 1003 1635 1090 οἷριξτμόν,
1663 993 1703 1079 dc
1731 1004 1905 1089 διοριστέον
1930 1006 2005 1082 καθ’

244 1119 348 1198 αὑτὰς
370 1121 455 1205 τύπῳ
473 1123 613 1206 πρῶτον,
637 1122 753 1198 13021,
776 1123 909 1187 16-20,
953 1121 1076 1187 Etenim
1099 1125 1127 1188 ei
1147 1141 1251 1188 revera
1273 1127 1336 1188 tres
1359 1125 1461 1188 essent
1484 1123 1617 1206 origines
1640 1123 1671 1185 et
1693 1139 1801 1186 causae
1822 1122 2008 1190 seditionum

245 1239 277 1304 et
298 1241 585 1320 commutationum,
608 1242 719 1324 quibus
741 1259 847 1307 omnes
869 1243 1055 1328 reipublicae
1070 1243 1328 1310 administrandae
1348 1243 1464 1309 formae
1486 1242 1641 1307 subiectae
1663 1243 1743 1319 sunt,
1767 1243 1799 1305 et
1820 1241 1858 1306 de
1876 1243 1920 1307 eis
1938 1247 2008 1308 tan-

244 1359 312 1422 tum
334 1359 586 1442 insequentibus
608 1360 817 1434 dissereretur,
841 1366 924 1428 recte
946 1383 979 1427 se
998 1363 1103 1428 omnia
1123 1364 1284 1428 haberent:
1311 1365 1344 1427 at
1370 1365 1490 1447 septem
1517 1361 1621 1444 potius
1643 1379 1709 1426 esse
1732 1360 1955 1445 quodammodo
1976 1370 2007 1430 et

245 1477 469 1558 quodammodo
498 1481 595 1544 etiam
619 1481 722 1563 plures
750 1481 894 1548 docemur
925 1503 952 1548 v.
976 1486 1018 1546 34
1039 1501 1114 1565 sqq,
1142 1483 1297 1566 triumque
1326 1501 1428 1547 rerum
1457 1499 1576 1556 earum,
1609 1479 1645 1543 de
1671 1480 1781 1561 quibus
1807 1482 1930 1547 aeturus
1959 1491 2006 1550 est

244 1589 383 1678 scriptor,
405 1615 498 1664 unam
518 1601 641 1664 tentum
662 1601 694 1666 in
717 1619 752 1666 eo
774 1602 909 1685 positam
932 1621 1008 1679 esse,
1031 1603 1067 1666 ut
1087 1601 1269 1686 exploretur,
1292 1619 1369 1682 qnae
1392 1602 1455 1665 sint
1477 1599 1611 1682 origines
1633 1599 1706 1664 illae
1729 1618 1910 1684 causaeque,
1939 1605 2003 1669 ele-

243 1715 367 1780 rissime
385 1721 511 1800 apparet
535 1737 572 1783 ex
598 1721 802 1804 explicatione
827 1722 965 1804 proxime
986 1721 1102 1786 adnexa
1122 1727 1174 1788 δεῖ
1199 1720 1266 1809 γὰρ
1287 1727 1396 1806 λαβεῖν
1419 1721 1485 1796 πῶς
1507 1748 1539 1786 τε
1565 1712 1692 1801 ἔχοντες
1714 1721 1926 1801 στασιάζωσι
1949 1725 2006 1793 καὶ

244 1831 338 1900 τόνων
358 1830 465 1904 ἕνεκεν
487 1836 543 1906 καλ
566 1839 668 1924 τρίτον
689 1839 769 1918 τίνες
795 1841 898 1925 ἁρχαὶ
928 1841 1074 1927 γίνονται
1102 1842 1164 1907 τῶν
1194 1842 1371 1906 πολιτικῶν.
1397 1838 1552 1924 ταραχῶν
1581 1835 1638 1904 καὶ
1667 1838 1728 1904 τῶν
1755 1841 1831 1924 πρὸς
1849 1841 2006 1926 ἀλλήλους

243 1952 401 2038 στάσεων,
423 1975 451 2019 1.
474 1958 764 2042 20-221111111111111
785 1978 887 2024 18111111
908 1960 1008 2042 prima
1028 1961 1180 2026 1111111111
1200 1957 1375 2025 1.22-31.
1399 1957 1468 2042 (τοῦ
1488 1955 1548 2041 μὲν
1570 1948 1630 2022 οὖν
1652 1954 1770 2033 αὐτοὺς
1785 1955 1871 2042 ἔχειν
1885 1989 1950 2040 πως
1964 2003 2005 2011 -

243 2073 307 2150 πῶς
320 2071 381 2158 μὶν
395 2066 454 2141 οὖν
469 2070 596 2158 ἔχοντες
611 2078 856 2160 στασιάζωσιν,
875 2074 991 2166 εἴρηται
1006 2081 1053 2164 7)),
1069 2078 1199 2145 secunda
1214 2098 1243 2142 v.
1259 2077 1394 2141 31-34,
1410 2075 1489 2163 (περὶ
1505 2075 1538 2144 δὲ
1553 2067 1599 2141 ὧν
1611 2114 1651 2122 -
1664 2075 1792 2142 πόλεσιν
1805 2079 1852 2162 8)),
1868 2081 1961 2148 tertia
1976 2105 2005 2148 v.

243 2191 354 2257 34-1.
369 2194 399 2256 4.
414 2193 1006 2286 13041),1.(α11ἀ1τίαικαὶι1ρχα1-
1018 2199 1168 2278 καθόλου
1178 2197 1239 2285 μέν
1259 2189 1319 2264 οὖν
1334 2193 1400 2282 περὶ
1417 2195 1593 2272 πόσαςτὰς
1606 2195 1761 2272 πολιτείας
1777 2197 1813 2262 αἱ
1826 2197 1927 2284 νἰρχαλ
1950 2203 2006 2270 καὶ

242 2313 340 2379 αἰτίαι
367 2314 429 2380 τῶν
451 2313 599 2381 στάσεων
621 2313 677 2382 καὶ
698 2317 760 2382 τῶν
782 2321 969 2404 μεταβολῶν
991 2321 1103 2387 τοῦτον
1123 2315 1237 2402 ἔχουσι
1260 2320 1315 2384 τὸν
1330 2315 1467 2402 τρόπον).
1503 2312 1680 2397 Vestigium
1701 2314 1820 2378 1811111
1842 2316 1893 2382 ΜΙ
1914 2322 1946 2384 et
1967 2323 2018 2412 Pl⁴

242 2430 407 2510 codicibus,
429 2433 466 2496 ut
487 2433 541 2515 qui
560 2453 588 2498 v.
613 2434 661 2498 18.
683 2451 737 2518 pro
760 2434 825 2510 εἰσὶ
843 2437 976 2503 habeant
997 2440 1074 2522 ἔστι,
1095 2439 1251 2504 seruatum
1271 2434 1426 2516 estquod
1449 2435 1614 2510 scanlint
1635 2435 1694 2497 hoc
1716 2434 1785 2500 ἐστι’
1803 2437 1933 2520 recipiat
1954 2459 2006 2505 su-

242 2549 378 2616 bioctum
407 2551 486 2633 quod
516 2553 714 2636 respondeat,
744 2555 850 2642 τρία,
880 2549 914 2642 ἃ,
941 2557 1046 2624 αὐτὰ
1073 2577 1101 2619 v.
1131 2558 1180 2620 19.
1207 2573 1262 2639 pro
1293 2561 1381 2640 τρεῖς,
1410 2545 1462 2638 ἃς,
1492 2552 1594 2630 αὑτὰς
1623 2553 1689 2616 sine
1717 2553 1782 2616 ulla
1812 2557 2005 2626 omotatione

241 2686 431 2752 reponemus.
477 2671 536 2737 Sed
561 2691 632 2738 eum
658 2676 749 2740 antea
774 2675 886 2740 dixerit
909 2677 1095 2740 Aristoteles
1120 2675 1261 2738 universe
1290 2673 1375 2756 prius
1401 2671 1535 2756 origines
1561 2673 1593 2735 et
1622 2687 1729 2735 causes
1754 2670 1943 2739 seditionum
1972 2683 2005 2741 et

242 2790 521 2858 commutationum
543 2811 612 2856 esse
632 2791 804 2868 sumendas,
828 2795 897 2876 quis
918 2795 997 2860 leret
1017 2813 1089 2859 enm
1110 2812 1146 2858 ex
1161 2793 1218 2858 hac
1231 2794 1299 2886 ipsa
1313 2811 1346 2857 re
1361 2790 1594 2856 concludentem
1607 2789 1668 2853 tria
1682 2807 1749 2852 esse
1764 2788 2003 2872 determinanda,

243 2925 372 2990 quornm
392 2928 488 2975 unum
508 2910 669 2976 dumtaxat
697 2912 791 2995 atque
818 2914 947 2979 tertium
969 2914 1047 2979 illud
1069 2915 1112 2978 sit
1140 2914 1267 2996 ipsum?
1310 2910 1449 2975 Pessime
1475 2909 1573 2992 igitur
1599 2907 1638 2990 et,
1664 2927 1692 2972 v.
1718 2908 1766 2971 18.
1794 2909 2003 2980 Bellerus

241 3029 366 3112 recepit,
387 3029 487 3094 multo
509 3030 621 3094 molius
643 3030 698 3095 alii
720 3031 854 3098 editores
876 3031 911 3102 61
931 3037 1071 3102 vetustae
1092 3031 1304 3100 mmslationis
1327 3031 1359 3094 et
1379 3029 1432 3094 ll·
1450 3030 1490 3093 P¹
1504 3029 1552 3092 ltb
1573 3028 1713 3094 codicum
1732 3031 1917 3097 anctoritate
1931 3051 2004 3100 con-

242 3145 408 3224 firmatum,
429 3151 463 3212 at
483 3167 522 3214 ne
541 3149 601 3214 hoc
621 3149 746 3232 quidem
768 3171 878 3220 eanrnn
899 3155 1029 3232 videtur,
1051 3154 1115 3231 sod,
1137 3151 1217 3236 qnod
1242 3151 1422 3235 saepissime
1441 3151 1475 3214 in
1496 3148 1651 3214 codicibus
1666 3168 1737 3216 oum
1751 3167 1786 3215 oo
1802 3151 2003 3230 permutatur,

241 3263 320 3352 γὰρ
341 3269 452 3346 solum,
474 3268 596 3351 siquid
619 3271 715 3354 sapio,
736 3273 841 3337 omnia
863 3273 994 3358 expedit
1037 3273 1114 3338 Eam
1137 3272 1221 3336 enim
1244 3271 1282 3335 ob
1300 3290 1365 3336 rem
1385 3269 1519 3352 origines
1542 3271 1574 3332 et
1595 3286 1703 3333 caueae
1725 3270 2003 3338 commutationum

241 3386 413 3451 accmatius
435 3388 665 3473 investigandae
688 3393 769 3469 sunt,
791 3391 863 3474 quie
883 3394 960 3458 haec
980 3411 1029 3457 res
1051 3393 1147 3458 trium
1163 3409 1277 3460 earum,
1297 3406 1374 3472 quae
1389 3389 1513 3454 omnino
1530 3389 1563 3452 in
1578 3389 1646 3452 tota
1660 3387 1812 3452 eiusmodi
1827 3391 2004 3471 quaestione

242 3501 352 3588 dignae
374 3509 446 3572 sunt
465 3510 717 3588 consideratione,
739 3529 799 3574 nna
821 3514 869 3577 est
891 3529 985 3594 enque
1007 3510 1052 3596 (id
1073 3509 1162 3593 qnod,
1185 3529 1255 3576 cnm
1275 3509 1411 3592 reliquae
1431 3509 1508 3578 duae
1530 3508 1635 3591 paucis
1657 3505 1863 3586 absoluantur,
1892 3509 1925 3574 in
1946 3511 2004 3576 hac

240 3624 400 3690 mamea
420 3644 515 3710 paene
536 3628 575 3693 nd
596 3629 690 3696 finem
708 3649 805 3713 usque
833 3631 944 3714 eapitis
973 3632 1075 3713 quarti
1099 3630 1285 3698 Aristotelea
1312 3630 1464 3706 versetur,
1489 3626 1651 3709 cogitando
1674 3626 1765 3692 facile
1791 3626 1945 3714 addimus)
1973 3634 2004 3696 et

240 3743 426 3826 gravissima
445 3747 477 3810 et
497 3747 660 3813 uberrima.

408 3864 444 3930 In
470 3867 571 3932 verbis
602 3871 712 3953 capitis
741 3870 873 3953 quarti
897 3863 966 3936 οἷον
996 3869 1116 3956 συνέβη
1144 3866 1201 3936 καλ
1229 3871 1263 3935 ἓν
1289 3867 1511 3975 Συρακούσαις
1538 3868 1573 3933 ἓν
1601 3871 1664 3944 τοῖἰ,Ι
1686 3865 1837 3951 ἀρχαίοις
1857 3867 2002 3954 χρόνοις·

241 3982 394 4069 μετέβαλε
414 3982 482 4072 γὰρ
503 3986 522 4070 ὴ
545 3990 683 4056 πολιτεία
707 3991 744 4058 ἐκ
764 3989 823 4056 δύο
845 3986 1028 4057 νεανίσκων
1050 3988 1303 4056 στασιασάντων
1320 4034 1327 4049 .
1344 4031 1352 4048 ·
1367 4039 1374 4054 .
1389 3987 1529 4072 ξτατὲρου
1543 3983 1612 4072 ’γὰρ
1628 3985 1868 4071 ἀποδημοῦντος
1882 3987 2003 4072 ἑταῖροι.Ι

243 4096 288 4167 τόν
309 4130 354 4180 τις
376 4101 431 4170 τόν
451 4105 609 4192 ἐρώμενον
632 4108 734 4176 αὐτοῦ
754 4107 978 4190 ὑπεποιήσατο,
1003 4107 1115 4184 130311,
1138 4107 1274 4184 20-24,
1298 4105 1438 4170 Coruus
1459 4105 1584 4188 scripsit
1611 4099 1783 4188 <οῗτιρος>
1810 4105 1933 4189 ἑταῖρος
1957 4096 2003 4172 τόν

244 4219 326 4308 [τις],
347 4221 427 4288 milri
448 4223 649 4294 verisimilius
672 4229 719 4292 est
741 4220 878 4314 ἅτερος
902 4226 936 4296 iu
962 4225 1084 4309 tratpoe
1112 4226 1254 4290 vocabuli
1274 4226 1377 4291 locum
1399 4243 1465 4290 osse
1488 4223 1745 4300 substituendum,
1771 4216 1817 4288 dlv
1839 4249 1894 4308 τις,
1924 4241 2002 4306 quae

241 4339 275 4402 in
296 4339 429 4405 editione
450 4360 520 4408 mea
541 4344 724 4413 secludenda
746 4365 813 4411 esse
834 4345 959 4422 conieci,
982 4343 1153 4408 eumundo
1174 4345 1332 4430 potuerint
1353 4345 1493 4428 irrepere,
1519 4359 1711 4428 nequequam
1733 4340 1873 4424 dignosci
1901 4344 2002 4424 queat,

242 4462 384 4546 corrupta
401 4462 505 4544 potine
524 4481 591 4528 esse
611 4463 702 4528 hodie
716 4465 898 4548 putaverim,
922 4481 1107 4547 quamquam
1134 4464 1392 4548 quemadmodum
1413 4461 1601 4528 emendanda
1621 4463 1685 4526 sint
1698 4461 1828 4526 minime
1842 4479 2003 4545 assequor:

241 4579 372 4652 sonasse
391 4580 424 4650 iu
445 4609 490 4658 τις
510 4580 589 4650 latet
609 4584 837 4652 substantivum
858 4584 908 4656 vel
927 4583 1114 4648 adiectirum
1135 4585 1310 4648 truncatum
1331 4581 1416 4650 velut
1441 4581 1680 4668 <dequo->rte

412 4772 441 4834 1)
454 4769 541 4822 Verba
552 4772 580 4826 ot*
593 4773 644 4840 ple
660 4771 712 4844 γάρ
724 4803 754 4813 -
764 4777 878 4844 μείζονι,
898 4789 921 4823 r.
935 4777 1047 4835 14-80,
1064 4772 1263 4838 interpungenda
1275 4779 1334 4821 nunt
1345 4771 1392 4821 eice
1411 4770 1438 4823 ct*
1450 4796 1483 4809 -
1494 4767 1604 4822 ἱλαττον
1617 4766 1732 4833 (scirem
1743 4795 1777 4810 -
1790 4766 1909 4837 teneo·
1922 4768 2003 4825 ι’λτὲτ-

243 4853 494 4926 κατηγόρουν
514 4855 537 4911 λ.
573 4859 639 4910 Nam
655 4857 783 4914 e'tcttrooe
800 4879 829 4912 τι
845 4855 898 4928 γάρ
916 4878 941 4910 τι.
960 4877 983 4910 τ.
1001 4856 1025 4910 λ.
1045 4864 1160 4923 spectant
1179 4861 1210 4908 nd
1230 4857 1258 4910 ct*
1269 4855 1435 4910 -ὂλοττυν,
1468 4856 1562 4906 Μελίαν
1581 4857 1658 4920 igilur
1675 4853 1776 4910 τούτων
1789 4887 1819 4898 -
1833 4853 1928 4912 ἀδίκοις
1947 4869 2005 4926 port

241 4943 365 5000 ἐλάττονι
388 4973 419 4984 -
437 4941 539 5014 μείζους
564 4948 689 5011 posuisset
712 4947 877 5006 Aristoteles,
902 4945 945 4994 sed
970 4944 1033 4994 talin
1057 4951 1116 4992 sunt
1138 4944 1205 5008 apud
1230 4959 1287 4992 eum
1310 4941 1520 5008 frequentissima.
1565 4940 1597 4990 V.
1622 4957 1687 5006 quae
1712 4942 1816 5006 collegit
1839 4943 2004 4996 Thnrotus

242 5031 329 5085 nevae
347 5032 456 5083 erche'ol.
479 5037 552 5084 1861.
575 5033 609 5082 ll.
628 5048 653 5098 p.
672 5037 730 5083 101.
748 5046 774 5080 u.
793 5035 819 5080 3.

411 5121 440 5182 8)
459 5117 494 5170 V.
514 5126 597 5170 tamen
617 5133 682 5188 qnae
695 5117 726 5167 da
745 5117 828 5166 verbis
848 5121 891 5167 καὶ
910 5111 962 5184 γάρ
976 5141 1008 5156 -
1020 5113 1138 5178 πόλισιν,
1159 5131 1182 5164 v.
1196 5117 1306 5173 31-31,
1326 5113 1443 5164 disseruit
1455 5114 1632 5166 Boeckerus
1646 5115 1686 5166 De
1698 5115 1815 5180 quibnnd.
1836 5116 1911 5168 Polit
1925 5119 2003 5170 Arist.
2049 5165 2057 5184 ,

242 5205 292 5264 loc.
310 5219 335 5269 p.
354 5209 386 5254 37
406 5219 461 5276 sqq.

1763 5297 1793 5346 ᾖ.
