4670 5824
988 347 1217 420 ..9-

216 558 308 641 vulgo
331 558 474 637 abundet,
498 560 555 622 noo
574 559 679 622 tamm
707 559 740 622 iu
767 558 919 623 eiusmodi
944 559 1141 636 democratiis
1163 576 1224 624 nou
1246 559 1357 624 audeat
1378 559 1445 624 sine
1472 561 1750 644 paganisoomitia
1769 583 1883 650 gerere,
1906 591 1981 656 qua.

210 682 335 762 propter
362 677 412 742 vel
437 677 481 744 ibi
503 677 627 744 institui
653 677 743 742 facile
771 695 862 762 posse
882 681 936 742 aut
956 679 1100 762 politiam
1125 680 1180 744 aut
1200 678 1313 746 saltem
1335 679 1485 762 optimam
1507 680 1711 747 democratiae
1740 688 1883 767 speciem.
1928 695 1980 764 Sic

219 798 247 862 si
268 797 362 880 probo
383 797 524 869 intellexi
544 798 684 864 ordinem
706 797 938 876 contentorum,
961 799 1109 880 sequitur,
1130 799 1166 862 ut
1186 799 1219 862 in
1233 797 1335 862 verbis
1357 793 1439 867 ὅπου
1462 798 1495 866 cl
1517 798 1573 867 κοί
1597 805 1766 888 συμβαίνει
1788 811 1845 892 τὴν
1865 815 1980 900 χώραν

215 915 272 999 σὴν
293 919 390 994 θέσιν
411 912 497 1002 ἔχειν
517 919 665 998 τοιαύτην
686 910 767 984 dicer
792 914 859 1003 [adea
880 916 1006 1006 χώραν]
1036 916 1116 985 πολὺ
1143 919 1198 1002 τῆς
1217 917 1337 992 πόλεως
1358 917 1571 1004 ἀπηρτῆσθαι,
1600 919 1714 1007 ῥᾴδιον
1741 923 1797 992 καὶ
1820 933 1979 1021 dapium.

209 1035 282 1104 σιάν
299 1042 460 1115 madebat
482 1039 626 1124 χρησιίμι
648 1032 705 1104 ml
726 1035 900 1104 πολιτείαν·
922 1036 1143 1125 ἀναγκάζεται
1164 1035 1231 1123 γὰρ
1253 1033 1288 1102 τὸ
1304 1038 1426 1118 additor:
1448 1036 1495 1106 dard
1519 1040 1581 1105 τῶν
1599 1039 1714 1126 α’γρῶν
1737 1053 1900 1125 ποιεῒαὲαι
1917 1054 1976 1134 σὰς

213 1153 376 1240 ἀποικίας,
404 1151 487 1224 ὅστε
511 1163 568 1241 δεῖ,
588 1148 655 1224 κᾶν
674 1155 832 1241 ἀγοραῖος
851 1147 950 1238 ὄχλος
970 1148 1002 1243 ᾗ,
1023 1155 1067 1243 μὴ
1089 1161 1187 1222 ποιεῖν
1209 1159 1244 1222 ἕν
1266 1162 1335 1234 σαῖς
1356 1163 1607 1243 δημοκρατικαῖς
1621 1161 1807 1245 ἐκκλησίαις
1821 1161 1901 1240 ἄνευ
1921 1177 1978 1244 ,οὗ

211 1275 297 1342 κατὰ
318 1273 374 1354 τὴν
393 1275 509 1362 χώραν
531 1276 684 1359 τλήμονα,
709 1275 819 1352 laiac,
841 1275 976 1353 32—38,
1000 1275 1032 1340 in
1053 1273 1164 1359 quibus
1185 1291 1239 1357 pro
1262 1273 1449 1356 ἐκκλησίαις
1470 1295 1498 1338 v.
1519 1248 1569 1340 aa]
1592 1281 1674 1344 recto
1695 1283 1841 1364 praebent
1863 1291 1976 1376 lauae-

209 1395 285 1472 νίας
306 1391 366 1458 Wl’
388 1393 430 1458 L·
452 1393 600 1460 dratinus
614 1393 714 1460 Aldus
732 1414 777 1478 pr.
798 1395 838 1458 P6
860 1397 892 1460 ct
912 1411 988 1459 corr.
1007 1394 1048 1458 Ρ8
1067 1395 1160 1476 atqrm
1181 1411 1241 1460 non
1263 1394 1366 1458 minus
1388 1395 1470 1458 recto
1491 1400 1718 1484 δημοκρατίαις
1736 1419 1790 1483 pro
1813 1411 1975 1500 δημοκρα.

208 1519 313 1592 τικαῒς
337 1515 539 1579 restituerumt
561 1513 798 1580 Camerarius
828 1515 859 1578 at
880 1513 1106 1592 Lambinus,
1137 1515 1236 1579 otiam
1260 1513 1471 1590 τοιαύταις
1499 1515 1547 1578 vel
1569 1524 1638 1594 ταλς
1669 1523 1892 1608 <ταιαύταις>
1919 1551 1974 1616 pro

208 1639 278 1711 ταῖς
295 1633 490 1713 scribendum
514 1635 546 1696 et
573 1653 599 1698 v.
622 1635 672 1698 36.
695 1641 752 1718 δεῖ,
779 1633 946 1715 quodiam
972 1635 1118 1698 dratinus
1141 1653 1201 1698 non
1228 1633 1322 1698 vertit
1343 1632 1419 1698 duce
1441 1634 1571 1698 fortasse
1592 1635 1696 1702 codice
1724 1657 1788 1718 suo,
1810 1655 1974 1728 praeeunte

210 1752 332 1819 corno
354 1752 572 1818 secludendum
594 1754 646 1818 sit.
679 1753 817 1834 Quodsi
840 1755 912 1818 suut
933 1755 986 1836 qui
1007 1753 1200 1830 dissentiant,
1223 1753 1352 1818 doceant
1373 1771 1432 1830 mo,
1459 1754 1610 1836 quomodo
1633 1755 1725 1822 verba
1751 1760 1973 1852 ἀναγκάζεται
2035 1787 2041 1806 ·

206 1871 275 1958 γὰρ
297 1911 338 1922 -
361 1873 505 1958 πλήθους
523 1891 592 1938 cum
615 1875 774 1940 enuntiato
801 1871 1001 1958 praecedente
1027 1872 1217 1937 cohaereant.
1262 1872 1346 1952 Quae
1373 1889 1496 1937 causam
1518 1874 1658 1952 afferunt,
1686 1895 1739 1943 cur
1767 1880 1800 1945 in
1821 1885 1974 1954 eiusmodi

208 1991 388 2058 clvitatibus
409 1994 465 2058 aut
484 1993 595 2077 politia
616 1997 670 2058 ant
690 1993 771 2060 bona
793 1991 980 2059 democratia
999 1993 1102 2058 locum
1124 1993 1268 2058 idoneum
1289 1990 1408 2056 lrabeat
1453 1993 1517 2058 Aut
1539 1993 1635 2075 igitur
1656 1997 1731 2062 haec
1752 1998 1972 2075 demonstratio

206 2109 270 2174 iam
291 2111 383 2176 verbo
404 2109 555 2191 ἀποικίας
577 2113 666 2178 linita
688 2114 737 2178 cst
756 2115 811 2178 ant
830 2113 925 2180 simul
947 2112 1085 2177 continet
1105 2129 1150 2188 aa,
1171 2129 1248 2194 qnae
1270 2127 1305 2174 cx
1327 2111 1482 2193 hucusque
1502 2112 1594 2177 dictis
1606 2114 1794 2201 colliguntur
1807 2117 1889 2193 ὥοττ
1902 2157 1933 2196 τι.
1946 2155 1971 2194 τ.
2006 2155 2010 2164 ·

207 2237 235 2294 λ
278 2229 377 2312 Atqui
407 2231 436 2294 si
466 2232 530 2298 iam
551 2233 606 2297 illo
634 2234 727 2298 verbo
753 2234 947 2310 terminatur,
977 2231 1129 2315 quomodo
1159 2230 1239 2307 inde,
1261 2228 1342 2312 quod
1366 2230 1458 2296 multi
1480 2231 1596 2298 civium
1618 2237 1717 2300 coacti
1738 2241 1862 2306 suntin
1884 2247 1972 2329 pagis

207 2349 318 2426 vivere,
341 2349 482 2416 concludi
495 2353 600 2435 potest
613 2353 652 2418 ad
674 2355 769 2420 talem
791 2353 961 2428 civitatem,
984 2351 1125 2432 quamvis
1145 2368 1238 2433 grege
1258 2350 1375 2414 urbana
1395 2349 1506 2414 referta
1532 2351 1583 2428 sit,
1612 2353 1723 2420 bonam
1742 2358 1845 2425 tamen
1867 2363 1973 2432 demo-

205 2469 336 2534 cratiam
358 2469 514 2551 quadrare,
536 2472 599 2538 uisi
627 2472 766 2548 addatur,
789 2491 842 2538 cur
862 2473 894 2536 in
917 2471 976 2536 tali
996 2488 1099 2536 rerum
1120 2469 1297 2536 ooudioioua
1323 2468 1563 2554 gubernaculum
1590 2474 1775 2555 reipublicae
1801 2498 1862 2546 nou
1882 2484 1972 2552 facilc

206 2589 300 2670 queat
325 2589 359 2654 in
384 2592 489 2676 gregis
515 2593 607 2657 huius
635 2609 744 2657 manus
774 2591 903 2658 venire?
945 2589 987 2654 uc
1009 2589 1082 2672 quid
1103 2591 1172 2654 tum
1193 2587 1254 2654 sibi
1277 2587 1344 2652 vult
1364 2589 1539 2654 consecutio
1565 2585 1647 2658 dere
1668 2623 1699 2662 κ
1722 2623 1747 2662 τ.
1769 2608 1810 2683 λ,
1830 2601 1866 2666 ut
1894 2621 1971 2684 quae

205 2711 274 2772 tum
303 2708 343 2773 ad
372 2709 414 2787 id,
436 2709 517 2793 quod
535 2711 692 2795 praecedit
712 2715 744 2778 et
758 2713 816 2778 lieo
831 2728 922 2776 causa
936 2711 1031 2775 allata
1050 2709 1256 2786 continuatur,
1274 2707 1469 2772 enuntiatum
1482 2703 1563 2776 ὅταν
1575 2749 1608 2758 -
1625 2713 1784 2784 πολιτείαν
1797 2721 1972 2802 pertineat?

203 2825 305 2911 Igitur
326 2827 542 2914 quiapropter
566 2848 714 2914 magnum
736 2848 924 2916 paganorum
952 2847 1114 2896 numemm
1140 2829 1173 2892 in
1201 2827 1246 2892 eis
1271 2827 1459 2906 ciuitatibus,
1486 2847 1615 2911 quarum
1641 2833 1766 2916 praedia
1787 2837 1910 2924 longius
1931 2844 1970 2910 ab

202 2946 278 3012 urbe
299 2947 420 3024 absunt,
441 2951 496 3014 aut
514 2950 626 3032 politia
646 2949 752 3034 potest
772 2949 828 3013 aut
848 2949 928 3014 bona
950 2947 1138 3016 democratia
1167 2947 1257 3012 facile
1278 2946 1412 3025 institui,
1440 2947 1519 3014 hauc
1547 2950 1586 3015 ob
1608 2969 1733 3019 causam
1756 2959 1884 3026 omits
1909 2981 1970 3030 uon

202 3065 315 3133 debent
338 3067 444 3133 haberi
474 3068 540 3134 siue
562 3068 764 3134 multitudine
789 3069 853 3132 ruri
882 3067 1064 3134 habitante?
1107 3066 1216 3134 Nonne
1236 3067 1352 3170 talibus
1375 3067 1486 3152 positis
1514 3071 1667 3136 contraria
1686 3075 1873 3156 probantur?
1915 3082 1970 3149 Sin

201 3185 425 3253 demonstratio
446 3205 542 3269 usquo
564 3187 604 3252 ad
624 3188 795 3254 clausulam
816 3188 909 3253 huius
933 3187 1159 3252 consecutionis
1175 3187 1363 3252 extendenda
1385 3189 1442 3266 est,
1469 3194 1521 3256 δεῖ
1543 3191 1575 3254 et
1602 3197 1670 3270 ταῖς
1700 3196 1857 3263 vocabulis
1886 3199 1969 3268 inta-

202 3306 263 3372 ctis
284 3306 403 3374 rslictis
420 3307 572 3372 sententia
593 3307 692 3372 oritur
712 3307 788 3374 haec
808 3325 869 3374 non
889 3307 1003 3385 minus,
1025 3305 1142 3389 opinor,
1164 3323 1238 3370 sana
1259 3308 1377 3372 ratione
1399 3306 1562 3372 destituta:
1584 3311 1656 3390 quia
1677 3315 1802 3396 propter
1822 3317 1969 3386 multitu-

201 3427 307 3494 dinem
328 3443 517 3512 paganorum
538 3428 571 3490 in
592 3427 745 3492 talibus
764 3427 944 3492 civitatibus
967 3427 1123 3490 amntem
1145 3424 1178 3488 iu
1199 3427 1382 3493 omuibus
1405 3426 1612 3504 democratia,
1635 3429 1759 3496 etiamsi
1778 3435 1852 3501 urbs
1874 3437 1967 3523 vulgo

201 3548 321 3631 repleta
340 3547 394 3625 sit,
417 3565 478 3612 uon
500 3546 610 3613 debent
628 3547 691 3612 nisi
711 3545 870 3611 arcessitis
889 3544 1017 3628 paganis
1040 3544 1168 3610 comitia
1189 3545 1304 3623 haberi,
1326 3545 1395 3612 ideo
1410 3545 1489 3611 tales
1512 3546 1656 3614 civitates
1676 3549 1875 3622 memorante
1894 3575 1966 3624 con-

200 3670 302 3736 tinent
325 3669 423 3734 bonae
444 3666 719 3743 democratiaene
742 3665 843 3730 dicam
864 3663 1002 3749 politiae.
1046 3663 1150 3728 Unum
1179 3663 1271 3729 addo:
1301 3683 1338 3728 ne
1359 3665 1393 3730 in
1414 3666 1542 3731 arbitrio
1565 3667 1689 3750 quidem
1711 3674 1865 3742 rcctomm
1888 3678 1966 3744 civi.

199 3791 277 3856 tatis
304 3787 442 3872 positum
470 3788 528 3864 est,
554 3786 659 3852 cmm
686 3803 755 3852 raro
782 3803 821 3850 an
849 3801 948 3868 saepe,
971 3784 1075 3847 utrum
1101 3801 1172 3849 cum
1201 3785 1329 3870 paganis
1351 3801 1389 3849 an
1411 3785 1477 3850 sino
1499 3785 1545 3850 eis
1571 3787 1669 3854 velint
1689 3790 1818 3856 munitio
1846 3793 1965 3873 habere,

199 3911 298 3976 immo
329 3908 430 3992 qualis
460 3901 590 3987 populus
620 3905 678 3981 ost,
709 3903 894 3969 Aristoteles
923 3903 1024 3986 inquit
1048 3903 1158 3980 13181),
1188 3904 1208 3966 9
1231 3921 1296 3986 sqq.
1330 3903 1787 3988 1319e‚4sqq.‚rnliocticm
1809 3911 1965 3978 democra-

199 4029 264 4094 tiae
296 4029 385 4094 ratio.

367 4147 403 4212 ln
422 4143 533 4229 capitis
555 4143 722 4226 septimi
750 4143 851 4208 verbis
880 4150 947 4222 τοῖς
973 4143 1007 4211 σὺ
1029 4141 1149 4230 σι’μημα
1171 4141 1343 4228 κνωμένοις
1369 4135 1398 4224 ἢ,
1427 4143 1578 4232 mutuae
1597 4147 1757 4233 Θηβαίοις,
1778 4149 1965 4237 ἀποσχομέ-

198 4295 268 4345 νοις
287 4265 409 4354 mdccc
430 4260 501 4330 τινὰ
521 4263 583 4331 σοῖν
608 4262 789 4348 βαναύσων
816 4257 933 4350 ἔργων,
965 4261 1230 4339 1321ο,28-30,
1253 4261 1377 4328 dativus
1403 4263 1552 4350 Θηβαίοις
1578 4283 1639 4330 non
1668 4266 1734 4330 sine
1759 4286 1851 4334 cauda
1871 4270 1966 4338 offen·

199 4386 321 4452 sionem
341 4383 460 4468 peperit
481 4381 696 4447 (temerario
722 4383 753 4446 et
782 4380 990 4467 Zwingaro:
1021 4383 1082 4448 vin.
1099 4383 1204 4446 tamon
1229 4383 1283 4446 aut
1308 4382 1517 4448 nominativus
1539 4392 1682 4472 θηβαῖοι,
1711 4404 1803 4468 quem
1824 4389 1888 4468 illa,
1910 4395 1965 4458 aut

198 4505 392 4572 acmsativus
405 4501 575 4590 Θηβαίοις,
597 4519 686 4584 quem
710 4501 762 4565 hio
780 4503 937 4584 praetulit,
958 4503 1072 4568 melius
1091 4519 1124 4567 so
1146 4501 1268 4580 habent,
1289 4503 1482 4586 quapropter,
1502 4503 1530 4567 si
1550 4503 1675 4586 quidem
1695 4507 1867 4576 mutatione
1889 4527 1965 4596 opus

198 4627 256 4702 est,
285 4621 394 4710 sapt
422 4621 682 4706 praepositionem
708 4621 780 4685 ante
809 4621 889 4686 huno
910 4621 1050 4687 datiuum
1072 4619 1265 4686 adiciendam
1286 4639 1353 4686 csse
1381 4623 1465 4706 puto,
1494 4623 1601 4704 utpote
1623 4641 1699 4705 quae
1721 4629 1793 4707 post
1813 4631 1963 4716 meduan

198 4731 348 4808 seddim
369 4741 506 4826 potuerit
527 4741 674 4807 excidere.

365 4861 505 4944 Denique
526 4861 559 4926 in
580 4859 681 4942 capite
702 4859 841 4925 octauo
863 4859 939 4925 duos
961 4860 1057 4926 habco
1077 4860 1172 4938 locos,
1195 4859 1233 4924 dc
1254 4860 1364 4941 quibus
1383 4877 1479 4946 pauca
1492 4880 1644 4928 moneam.
1677 4865 1717 4930 itt
1738 4865 1771 4930 in
1792 4866 1962 4947 posteriore

197 4981 322 5066 quidem
348 4976 421 5050 ὥστ’
452 4983 480 5048 εἰ
502 4979 546 5068 μὴ
573 4978 754 5068 γινομένων
781 4977 943 5064 (intellego
965 4982 1077 5064 ὃικῶν)
1106 4986 1270 5048 κοινωνεῖν
1296 4977 1443 5064 ἀλλήλοις
1469 4981 1643 5067 ἀδύνατον,
1668 4983 1724 5053 καί
1754 4983 1897 5070 πράξεων
1917 4989 1962 5074 μὴ

195 5101 390 5190 γτνομίνων,
414 5101 525 5176 iaaac,
546 5097 565 5163 6
587 5115 664 5180 squ,
687 5098 764 5162 satis
786 5098 846 5163 erit
868 5098 982 5164 dixisse
1004 5099 1083 5164 mihi
1105 5099 1154 5164 bia
1181 5099 1311 5164 tortasse
1331 5099 1559 5186 ἀδύνατον,
1592 5103 1860 5186 (ἀδύνατον)
1885 5107 1963 5172 scri-

196 5220 330 5288 bendum
351 5220 460 5298 rideri
483 5237 560 5302 quae
583 5234 641 5282 vox
662 5216 724 5281 nisi
746 5219 844 5282 semel
868 5217 990 5294 excidit,
1014 5220 1095 5283 certe
1121 5217 1308 5301 cogitatione
1328 5237 1396 5284 cam
1412 5219 1582 5286 iterandam
1597 5238 1665 5286 esse
1680 5222 1888 5289 certissimum
1905 5226 1962 5302 est,

1741 5341 1755 5384 2
