4684 5830
1030 325 1288 400 -5...·

255 539 425 620 sequentia
458 537 739 618 Quomodoeunque
754 536 847 600 rerba
861 537 1001 619 proxima
1021 535 1079 604 mi
1101 537 1180 604 ιοῦι’
1204 576 1244 587 -
1266 537 1300 606 rt
1322 535 1356 605 ὃ)
1377 539 1459 620 ςῷοο
1474 540 1598 622 aerim
1613 539 1820 622 συνέστηκεν,
1842 557 1871 603 v.
1887 541 1960 604 31-
1973 541 2024 616 34,

255 657 477 740 distinguimus
499 657 532 720 et
552 655 803 739 interpretamur,
833 655 899 720 sire
921 657 958 722 ἐκ
980 657 1034 736 rit·
1055 654 1185 736 ἁπάσης
1202 655 1330 740 φύσεως
1352 654 1499 738 partitive
1521 656 1651 740 sensu⁸)
1673 656 1740 722 sire
1760 656 1877 722 causali
1898 657 2026 724 intelle·

254 775 359 858 gimus
382 773 622 858 interpungendi
652 775 773 840 ratione
799 773 939 838 adhibita
965 772 1192 850 1111118111οῶ9)
1221 771 1278 840 mi
1308 773 1387 840 τοῦτ’
1412 775 1449 841 ἕκ
1470 775 1524 854 τῆς
1546 773 1677 857 ἁπάσης
1699 774 1828 858 φύσεως
1850 778 2023 862 ἐνυπάρχει.

256 900 319 969 wic
341 891 521 980 ἐμψύχοις·
543 891 601 960 καὶ
622 892 691 978 γὰρ
713 894 748 960 ἐν
769 899 833 969 τοῖς
852 892 896 977 μὴ
916 893 1088 977 μιςύχουσι
1114 894 1194 974 ζωῆς
1213 887 1278 960 ἔστι
1297 921 1341 970 ιιι,Ι
1363 893 1463 978 ἀρχή,
1485 888 1553 960 οἷον
1575 893 1733 980 ἁρμονίαι)
1746 894 1797 978 ¹⁰),
1817 894 1901 962 ἀλλὰ
1919 897 2024 966 ταῦτα

254 1009 314 1093 μὲν
337 1005 415 1087 ἴσως
442 1010 707 1096 ἐξωτερικωτέρας
728 1007 795 1076 e'trti
817 1011 981 1092 σκέψεως,
1009 1011 1043 1076 τὸ
1062 1009 1096 1078 δὲ
1117 1012 1199 1094 ζῷον
1220 1009 1344 1096 meriton
1365 1013 1563 1094 συνέοςηπεν
1584 1015 1616 1076 ei
1637 1012 1739 1078 verbis
1764 1019 1828 1092 soie
1849 1015 2021 1101 ἐμψύχοις,

254 1148 331 1212 quae
354 1130 399 1194 sie
421 1127 547 1211 quidem
569 1128 620 1192 vir
642 1127 766 1192 linitum
791 1131 839 1192 est
861 1129 977 1198 intaeta
991 1129 1171 1212 relinquere,
1194 1128 1227 1193 in
1248 1135 1312 1206 eon,-
1333 1129 1494 1215 ἐμψύχοις
1520 1132 1683 1216 <retinen
1705 1124 1724 1212 ἢ
1747 1137 1811 1208 rote
1833 1131 2016 1214 οὶψύχοις>

255 1248 306 1322 νύ
326 1247 431 1314 simile
453 1246 526 1329 quid
549 1247 750 1312 commutatis
763 1250 817 1332 ¹¹),
846 1248 882 1310 ut
902 1250 957 1312 ent
978 1247 1159 1312 uertendum
1185 1247 1243 1311 sit:
1275 1247 1362 1324 „und
1384 1245 1449 1311 dies
1473 1247 1622 1312 offenbart
1643 1249 1710 1312 sich
1731 1247 1945 1328 imBereiehe
1968 1249 2021 1312 der

256 1366 356 1432 Natur
382 1365 605 1450 rorzugsweise
632 1383 671 1430 an
700 1365 759 1430 den
781 1365 960 1440 Lebenden,
991 1367 1070 1430 deun
1090 1367 1168 1430 auch
1190 1367 1235 1430 im
1257 1365 1406 1432 Leblosen
1424 1366 1468 1430 ist
1484 1332 1567 1430 μού)
1588 1367 1655 1432 eine
1676 1368 1736 1431 Art
1757 1386 1817 1432 von
1838 1367 2019 1430 Herrsehait

254 1505 292 1552 zu
320 1483 435 1561 finden,
465 1483 524 1547 wie
553 1501 579 1546 z.
601 1483 638 1546 B.
663 1483 713 1548 die
738 1482 792 1548 des
815 1483 991 1548 Gnmdtons
1019 1485 1052 1548 in
1080 1484 1163 1550 einer
1185 1483 1315 1560 Tonart,
1347 1483 1489 1549 indessen
1511 1483 1612 1548 dnrtte
1634 1485 1699 1550 dies
1722 1485 1800 1550 doeh
1823 1484 2019 1572 Gegenstend

254 1603 336 1668 einer
358 1602 570 1686 Betraehtung
589 1601 665 1680 sein,
688 1599 738 1666 die
759 1601 848 1667 mehr
868 1601 1047 1666 ausserhaib
1068 1601 1121 1666 des
1136 1601 1263 1666 Kreises
1285 1600 1339 1665 der
1359 1603 1607 1686 gegenwertigen
1621 1603 1858 1687 Untersuehung
1879 1603 1958 1687 liegt
1970 1603 2017 1684 ¹²).
2062 1649 2066 1660 .

253 1723 307 1788 des
324 1720 485 1804 lebendige
500 1721 614 1786 Wesen
629 1721 753 1786 besteht
768 1719 905 1804 dagegen
920 1719 1127 1786 emtens‘saut
1140 1720 1222 1798 „und
1238 1720 1304 1786 dies
1320 1720 1469 1785 effenbart
1484 1721 1551 1786 sich
1565 1739 1625 1786 ven
1640 1719 1693 1786 tier
1707 1725 1901 1804 gesammten
1915 1721 2017 1786 Natur

251 1849 327 1904 ans‘*
347 1840 411 1928 (rel
432 1839 508 1917 „eui
519 1838 625 1914 Grund
643 1838 697 1904 der
711 1839 905 1922 gesammten
918 1837 1192 1924 Naturordnung“)
1214 1839 1458 1922 „uernugsweise
1472 1839 1504 1903 in
1519 1838 1577 1904 tien
1595 1839 1778 1924 lebendigen
1792 1840 1905 1906 Wesen
1927 1841 2015 1916 ete.“,

251 1960 318 2026 sire
342 1960 456 2042 punete
484 1957 588 2042 petius
618 1958 690 2040 pest
715 1957 875 2043 ἁρμονίας
896 1958 999 2042 posite
1028 1957 1247 2042 Berneysie
1278 1957 1417 2022 obsecuti
1438 1959 1541 2022 tetum
1562 1959 1667 2022 lenum
1689 1958 1735 2022 sie
1756 1959 1818 2024 iere
1841 1958 2015 2023 reddimus:

252 2077 334 2155 „und
354 2095 434 2142 zuar
453 2076 496 2142 ist
518 2073 584 2140 dies
607 2074 656 2138 ein
678 2074 878 2164 allgemeines
893 2073 1109 2158 Naturgesetz,
1130 2074 1193 2140 und
1212 2093 1278 2138 nur
1291 2074 1338 2140 als
1360 2075 1409 2140 ein
1431 2075 1562 2152 solenes,
1584 2075 1671 2140 nieht
1691 2078 1737 2141 als
1759 2078 1809 2142 ein
1830 2077 1901 2142 dem
1915 2076 2017 2144 Leben

253 2195 532 2282 eigenthnmlietres
553 2193 660 2258 saltet
683 2210 715 2256 es
739 2192 784 2256 im
806 2191 901 2256 Reieh
920 2189 977 2258 'der
998 2192 1153 2256 beseelten
1174 2191 1298 2272 Wesen,
1327 2191 1406 2258 deun
1427 2193 1504 2257 auch
1525 2193 1570 2258 im
1590 2192 1820 2280 Unlebendigen
1843 2195 1926 2279 neigt
1950 2194 2014 2257 sich

252 2316 319 2382 eine
347 2315 408 2380 Art
433 2329 521 2379 ron.
607 2311 733 2376 Tonart.
780 2309 927 2376 Indessen
950 2357 957 2373 .
980 2359 987 2374 .
1010 2357 1018 2373 .
1039 2310 1131 2392 liegt,
1163 2309 1217 2376 das
1248 2310 1409 2396 lebendige
1439 2310 1597 2394 Gesehtpf
1624 2311 1697 2378 aber
1732 2315 1798 2398 (um
1834 2311 1889 2377 aui
1917 2312 2017 2376 dieses

252 2431 562 2516 nurnekzultemmen)
590 2430 714 2494 besteht
741 2429 881 2494 erstens“
894 2431 950 2512 18);
977 2428 1085 2510 utique
1112 2429 1218 2492 monet
1245 2427 1318 2491 istis
1346 2428 1447 2493 verbis
1468 2429 1655 2494 Aristoteles
1677 2429 1742 2514 legi
1762 2431 1835 2494 huie
1855 2431 2017 2496 universae

250 2551 377 2616 naturae
404 2549 599 2632 praeeipuam
629 2545 734 2614 sedem
755 2547 790 2610 in
812 2546 1020 2612 animantibus
1041 2565 1117 2623 esse,
1147 2545 1298 2628 huiusque
1319 2545 1428 2610 deinde
1447 2545 1543 2610 adicit
1563 2547 1674 2629 imperi
1697 2548 1846 2612 naturalis
1868 2567 2016 2632 generum

249 2668 331 2732 inter
350 2667 523 2732 animantes
545 2685 612 2732 esse
632 2666 768 2749 primunr
790 2664 871 2747 qued
892 2665 1050 2732 animuin
1069 2682 1178 2748 eorpus
1199 2665 1380 2746 animaeque
1400 2682 1471 2747 pars
1491 2665 1652 2730 rationalis
1673 2666 1705 2729 in
1727 2665 1855 2730 affectus
1877 2674 1909 2732 et
1929 2667 2015 2750 eupi-

250 2785 373 2864 ditates,
395 2805 424 2852 v.
445 2786 559 2862 34-b‚
580 2786 609 2863 9,
632 2784 798 2850 seeundum
825 2783 906 2865 qued
927 2784 1020 2850 hemo
1043 2783 1076 2847 in
1096 2781 1238 2859 bestiam,
1260 2781 1290 2858 b,
1314 2782 1447 2857 10-13‚
1468 2781 1598 2846 tertium
1620 2782 1700 2862 qued
1721 2800 1788 2846 mas
1813 2783 1845 2846 in
1867 2783 2015 2848 feminam

160 2969 169 2982 ,
194 2939 199 2948 ·
250 2905 397 2981 exerceat,
427 2905 457 2982 b,
481 2905 521 2968 13
543 2921 599 2986 sq,
633 2904 665 2968 et
684 2904 842 2986 pestremo
865 2920 881 2966 e
904 2901 1037 2967 seeundo
1057 2919 1168 2985 genere
1189 2900 1308 2966 derivat
1330 2902 1473 2982 qrmrtum
1494 2900 1590 2978 illud,
1622 2902 1709 2966 euius
1729 2903 1831 2986 gratia
1851 2903 1919 2966 tote
1940 2902 2016 2968 haee
2098 2937 2106 2952 ·

250 3023 477 3106 argumentatio
501 3023 623 3106 prolata
645 3024 702 3100 est,
724 3021 853 3086 honest
874 3021 1049 3104 imperinm,
1073 3037 1132 3102 quo
1155 3019 1211 3084 alii
1227 3019 1369 3084 hemines
1389 3020 1428 3084 ab
1451 3019 1532 3098 aliis,
1555 3037 1573 3083 a
1594 3020 1704 3101 quibus
1728 3020 1899 3086 bestiarum
1919 3037 2014 3104 paene

249 3141 283 3208 in
313 3139 441 3206 metium
469 3139 603 3218 distem,
634 3139 804 3205 bestiarum
832 3157 929 3223 paene
957 3140 990 3206 in
1010 3139 1138 3205 modum
1166 3139 1329 3204 teneantur
1358 3137 1540 3204 servitutem
1570 3140 1616 3207 eia
1641 3139 1815 3226 naturalem
1836 3138 2013 3214 servientes,

247 3259 277 3336 b,
291 3259 425 3324 14-39.
447 3258 530 3324 Nam
544 3277 615 3324 eum
629 3258 667 3324 ab
681 3257 774 3323 initio
787 3257 919 3322 alteram
933 3256 1094 3323 dumtaxat
1107 3257 1202 3340 primi
1216 3256 1337 3339 generis
1352 3256 1487 3338 speeiem
1502 3249 1789 3322 eommemirererit
1802 3255 2013 3339 philosophus,

252 3375 505 3454 dominat-ionem,
520 3394 704 3460 quaternus
720 3375 758 3442 ab
773 3376 878 3441 anima
892 3377 1026 3460 regatur,
1049 3373 1082 3442 ιι)
1106 3373 1140 3444 nt
1159 3378 1241 3460 ζῷον
1255 3377 1377 3461 πρῶτον
1392 3374 1589 3457 συνέστηκεν
1604 3375 1641 3465 ἐκ
1655 3375 1767 3458 ψυχῆς
1781 3372 1837 3444 καὶ
1852 3374 2013 3460 σώματος,

249 3487 296 3561 ὧν
317 3493 351 3562 rt
371 3493 431 3582 μὲν
453 3489 560 3580 ἄρχον
581 3492 647 3562 imi
668 3495 775 3578 φύσει,
798 3493 832 3559 rt
856 3493 881 3560 δ’
905 3493 1101 3580 ἀρχόμενον,
1130 3511 1158 3569 a,
1180 3493 1222 3556 34
1243 3511 1298 3574 sq,
1321 3495 1357 3558 ut
1378 3492 1549 3558 orationem
1570 3491 1819 3574 internrmpende
1832 3490 1871 3578 ¹⁴)
1891 3491 2013 3556 refellat

249 3630 326 3694 quae
356 3612 425 3694 quis
453 3611 491 3676 de
519 3613 578 3676 hac
598 3630 632 3676 re
657 3613 762 3678 eontra
782 3611 883 3675 dicere
902 3611 1017 3693 possit,
1045 3617 1097 3678 δεῖ
1113 3610 1146 3679 δὲ
1169 3618 1300 3678 σκοπεῖν
1321 3613 1356 3678 εἰ)
1377 3618 1441 3688 τοῖς
1460 3613 1547 3679 κατὰ
1568 3611 1670 3696 φύσιν
1691 3607 1807 3697 ἔχουσι
1828 3615 1954 3700 μᾶλλον
1977 3611 2010 3677 τὸ

247 3730 343 3813 φύσει
371 3729 427 3800 καὶ
453 3730 497 3814 μὴ
529 3731 563 3796 ἕν
594 3736 657 3808 τοῖς
684 3730 940 3816 διεφθαρμένοις.
985 3731 1033 3796 διὸ
1066 3728 1121 3796 καὶ
1156 3729 1211 3796 τὸν
1240 3731 1388 3816 βέλτιστα
1417 3731 1618 3818 διακείμενον
1645 3729 1702 3798 καὶ
1729 3730 1934 3818 κατὰσῶμα
1956 3728 2010 3798 καὶ

415 4109 445 4176 8)
470 4107 510 4162 ct.
536 4107 667 4160 Bonita.
692 4106 748 4156 Iud.
773 4105 850 4158 Arist
873 4109 955 4168 nith,
978 4112 1008 4178 111
1028 4121 1096 4174 squ:
1121 4120 1229 4172 „praem
1255 4102 1283 4156 ιἰι
1309 4121 1355 4172 pre
1377 4108 1493 4172 genetivo
1517 4109 1635 4173 partitive
1654 4117 1789 4176 usurpatur
1807 4138 1815 4154 ·
1836 4140 1842 4154 .
1862 4140 1869 4154 .
1889 4121 1945 4155 cum
1964 4105 2012 4156 hoc

246 4211 294 4248 usu
312 4195 370 4248 sort.
389 4194 496 4246 conferri
513 4201 596 4260 potest
614 4187 692 4244 τούτο
713 4219 743 4228 -
763 4187 893 4260 ἐμψύχοις
913 4193 972 4246 ΡοΙ.
991 4194 1013 4254 I,
1034 4199 1056 4242 ⁵.
1080 4197 1143 4242 1254
1153 4207 1175 4251 a,
1197 4197 1258 4240 11.“

414 4279 444 4346 9)
464 4277 547 4342 Quem
565 4279 591 4328 in
610 4277 744 4328 editionem
763 4291 845 4327 meam
864 4279 954 4342 recepi.

417 4366 462 4431 tn)
481 4363 534 4416 Gur
551 4359 608 4418 οἷον
629 4359 731 4430 <ἰν>
752 4357 868 4432 ripuarias
886 4365 1068 4416 restituendum
1086 4377 1141 4414 ease
1160 4377 1284 4422 censeam,
1302 4361 1377 4412 donni
1395 4363 1421 4410 in
1440 4360 1489 4423 Qu.
1509 4377 1544 4414 er.
1563 4364 1595 4414 de
1613 4363 1645 4412 rt
1665 4363 1695 4412 P.
1714 4362 1731 4412 t.
1751 4362 1765 4412 Ι
1783 4365 1862 4418 etii.
1880 4383 1905 4433 ρ.
1927 4371 1951 4418 7.

416 4451 461 4514 11)
482 4445 676 4518 <antero
699 4450 753 4502 τοῖς
777 4445 907 4516 ἐμψύχοις
932 4450 971 4500 vel
1000 4449 1082 4512 <sat
1098 4444 1255 4518 μάλιστα)
1276 4449 1331 4502 τοῖς
1347 4444 1476 4516 ἐμψύχοις
1499 4461 1514 4498 a
1540 4447 1690 4499 Lambini
1715 4449 1882 4503 translatione
1904 4455 2011 4505 contenit

245 4537 460 4603 Conrinssiue,
494 4534 611 4602 <ιιο1>
637 4536 692 4588 τοῖς
721 4529 836 4603 ἀψύχοις
860 4534 1073 4590 Sehueteius.
1103 4535 1158 4587 τοῖς
1187 4529 1317 4601 ἐμψύχοις
1342 4529 1483 4602 <poitiers
1506 4528 1525 4601 ἦ
1549 4535 1603 4588 τοῖς
1627 4529 1779 4601 deignat>
1807 4537 2009 4600 Buecheler,

244 4634 288 4682 net
308 4619 377 4680 τοῦτ’
398 4651 432 4662 -
451 4619 579 4690 ἐμψύχοις
597 4635 699 4688 prorsus
717 4619 825 4671 sonasse
843 4621 951 4672 delenda
969 4620 1120 4670 videbantur
1139 4617 1314 4685 Giptenio.

407 4703 460 4774 Ι19)
480 4707 692 4772 Berntysiuet
720 4705 790 4764 „dies
812 4705 905 4774 judoch
929 4708 1013 4758 weiter
1034 4723 1066 4756 eu
1089 4707 1220 4771 veriolgen
1244 4707 1343 4758 mtehta
1361 4721 1393 4756 su
1411 4705 1479 4755 einer
1497 4708 1728 4758 nueserlichen
1746 4708 2009 4774 Betraehtungewette

245 4800 361 4851 nhrene‘
398 4794 454 4848 Ηοο
473 4793 534 4860 quiri
555 4793 603 4842 tibi
620 4791 690 4852 velit,
709 4805 760 4839 non
779 4789 907 4857 intellego.
1273 4847 1278 4854 ,
1381 4851 1383 4856 Ι

416 4879 637 4946 ln)'1¹uncenim
662 4877 759 4927 nullam
777 4876 854 4926 eliam
872 4877 922 4928 vim
941 4878 1033 4928 habere
1050 4885 1132 4944 potest
1149 4873 1179 4930 ιἰι
1199 4878 1352 4944 praepositio
1372 4877 1420 4926 nisi
1439 4891 1532 4930 causae
1553 4887 1578 4930 et
1593 4879 1705 4944 originis.
1743 4879 1840 4932 Vereor
1857 4889 1952 4940 tamen,
1978 4897 2009 4933 οο

244 4972 346 5023 nimium
365 4969 470 5034 imputet
486 4965 569 5015 verbis
588 4961 616 5026 ἐξ
634 4958 741 5030 ιῖπύοης
760 4959 862 5032 φύσεως
879 4963 1052 5029 interpretatio
1071 4963 1255 5028 Bernayeiene.

413 5051 457 5119 tt)
476 5051 633 5116 interruptae
657 5051 733 5114 igitur
757 5041 878 5101 orationis
903 5049 1002 5114 signum
1021 5051 1164 5114 ponendum
1183 5055 1220 5099 eet
1239 5057 1296 5113 post
1315 5043 1343 5100 ιύ
1362 5043 1384 5100 8
1404 5045 1568 5118 ἀρχόμενον,
1595 5052 1619 5100 id
1639 5051 1706 5116 quoti
1725 5063 1773 5114 ego
1791 5064 1891 5115 quoque
1909 5051 1935 5101 iu
1954 5053 2007 5102 edi-

243 5145 311 5194 tione
329 5155 385 5191 mea
402 5137 511 5202 neglexi.
1183 5165 1201 5196 0
