4670 5824
1088 335 1344 412 ..18-

337 557 475 623 obtrudit
496 553 667 640 Spcngali
686 552 879 628 coniectatio,
897 569 952 616 nos
973 551 1089 628 docere,
1112 551 1259 633 quonium
1272 553 1392 634 praeter
1412 551 1552 633 regentes
1575 549 1658 614 cives
1679 547 1776 612 stim
1795 546 2098 624 sacerdotesertent,

337 676 369 737 st
390 673 583 740 sacerdotum
604 673 732 757 syssitis
751 673 784 737 ia
805 671 863 736 hac
883 671 968 736 urbis
984 672 1111 756 regione
1131 669 1346 737 constituenda
1375 671 1407 735 et
1434 686 1628 734 summorum
1649 667 1892 752 magistratuum
1911 665 2049 750 syssitiis
2068 667 2101 732 in

336 793 498 875 praetoriis
519 811 627 858 eorum
647 791 865 876 assignandum
887 809 954 858 csso
974 793 1115 856 locamm
1135 790 1290 856 ordinem:
1311 788 1361 854 siu
1382 787 1635 854 schmittiom
1655 787 1828 870 sequimur,
1845 805 1908 852 uon
1928 786 2027 863 vidae,
2048 803 2104 852 nec

337 911 490 993 quomodo
511 911 591 990 inda,
613 911 693 994 quod
714 929 775 975 non
796 913 936 996 regentes
958 909 1061 976 solum
1086 909 1169 975 cives
1191 910 1312 986 artant,
1339 908 1565 974 verumetiam
1589 907 1941 994 accumulamus,
1963 903 2104 970 concludi

338 1029 512 1104 „dictorum
530 1031 656 1115 syssitia
676 1031 709 1094 in
727 1029 880 1096 dictomm
901 1029 1111 1096 aedificiorum
1129 1029 1224 1106 turca
1254 1031 1290 1094 ut
1311 1029 1438 1094 verbum
1461 1027 1499 1093 de
1517 1025 1609 1094 verbo
1630 1025 1770 1106 reddam,
1791 1024 1825 1091 id
1845 1027 1894 1092 est
1912 1043 2103 1092 summorum

337 1149 574 1232 magistratuum
597 1149 631 1214 in
652 1167 686 1214 οο
709 1149 791 1227 foro,
821 1149 901 1231 quod
925 1150 1080 1234 praetoria
1101 1149 1255 1232 ipsorum,
1283 1148 1565 1232 compulsorum,
1596 1145 1759 1230 gymnasia
1780 1145 1936 1210 seniorum
1957 1145 2101 1220 continet

338 1267 496 1343 „ordinem
515 1268 627 1334 habere
647 1267 709 1333 loci
731 1267 869 1345 debere‘t
889 1287 946 1333 nec
960 1266 1111 1351 quomodo
1132 1269 1195 1334 ista
1215 1269 1301 1354 regio
1316 1268 1376 1335 hcc
1389 1267 1513 1334 nomine
1533 1265 1704 1350 significari
1716 1265 1825 1349 possit
1845 1265 1874 1330 si
1888 1266 1964 1330 haec
1977 1263 2103 1348 syssitin

337 1405 355 1452 u
375 1386 537 1468 praetoriis
559 1386 625 1452 illis
647 1405 707 1451 ηοη
727 1387 886 1462 differunt,
917 1405 994 1470 quas
1021 1407 1038 1453 e
1070 1387 1223 1454 dictomm
1251 1387 1463 1454 aedificiorum
1486 1402 1613 1452 nonnam
1642 1386 1715 1450 suut
1740 1383 1818 1469 ipsa
1861 1383 1946 1462 Quae
1967 1401 2038 1448 cum
2057 1383 2104 1448 ita

337 1504 409 1582 sint,
431 1505 534 1572 nescio
559 1525 599 1572 au
620 1524 712 1591 supra
730 1524 836 1590 reapse
857 1507 894 1574 τὰ
924 1509 997 1574 τῶν
1025 1507 1292 1594 κυριωτάτων
1317 1506 1459 1594 ἀρχείων
1480 1506 1637 1574 συσσίτια
1656 1504 1851 1570 scribendum
1873 1502 2004 1570 etiaim
2023 1501 2105 1568 nihil

336 1624 519 1692 mutandum
546 1625 605 1690 sit:
633 1624 672 1689 ad
700 1624 756 1706 τὴν
785 1627 867 1692 ellim
889 1631 930 1714 (v.
954 1629 997 1713 5.)
1023 1629 1179 1695 subaudiri
1205 1628 1310 1713 potest
1331 1625 1461 1714 ἀγορὰν
1483 1643 1501 1690 d
1522 1645 1551 1690 v.
1576 1624 1695 1710 1.(ιὴν
1722 1625 1787 1692 ιοῖν
1811 1623 1917 1692 ὠνίων
1944 1621 2102 1712 ἄγορδν)τ

338 1741 418 1824 quod
438 1743 543 1808 tamen
565 1741 621 1827 τὴν
642 1744 721 1810 illud
742 1745 775 1809 in
797 1746 838 1810 P·
866 1747 897 1811 st
918 1745 964 1810 Μ·
991 1751 1022 1813 et
1043 1751 1076 1814 in
1103 1751 1226 1816 vetusta
1246 1745 1449 1814 tanslatione
1471 1745 1623 1810 omissum
1648 1745 1713 1822 cst,
1742 1762 1832 1829 possa
1859 1744 1919 1810 boc
1939 1743 1971 1808 iu
1998 1759 2103 1808 eorum

337 1879 428 1928 usum
449 1865 595 1942 converti,
618 1865 671 1947 qui
693 1866 836 1930 lacunam
858 1867 929 1931 anto
951 1861 1038 1950 ἔχων
1060 1869 1102 1953 (v.
1126 1869 1169 1954 6.)
1190 1867 1392 1952 suspicantur,
1414 1882 1476 1930 nou
1498 1865 1546 1930 ast
1568 1864 1649 1947 quod
1668 1883 1788 1949 uagam
1816 1863 1854 1928 ln
1868 1862 1988 1948 protasi
1999 1861 2104 1927 autem

337 1981 429 2046 huius
451 1974 617 2059 enuntiati,
648 1983 748 2066 qualis
769 1982 858 2049 uobis
879 1979 995 2048 indita
1014 1985 1076 2063 usi,
1105 1982 1169 2052 darei
1194 1983 1229 2056 δὲ
1257 1984 1292 2052 tir
1318 1985 1441 2066 πλῆἓϋς
1471 1986 1524 2068 τῆς
1544 1987 1662 2062 πόλεως·
1690 1990 1854 2070 διαιρεῖται
1869 1985 1919 2062 Δεἰς
1945 1984 2034 2068 ἱερεῖς
2060 1981 2105 2056 εἰς

337 2093 517 2185 ἄρχοντας,
546 2117 650 2167 εοοηηι
670 2101 774 2185 ipsum
793 2119 929 2184 pugnare
950 2103 1155 2170 Aristotelem
1180 2105 1299 2188 primus
1320 2103 1401 2169 vidit
1419 2103 1661 2188 tungravius,
1689 2104 1788 2170 secuti
1808 2119 1916 2169 sumus
1937 2102 1969 2168 at
1990 2099 2105 2184 Speu-

337 2217 459 2299 galius
481 2220 513 2284 et
534 2217 658 2305 ago⁴⁸):
688 2239 750 2286 ηοω
771 2221 855 2288 cuim
877 2240 914 2286 er
935 2221 1159 2306 imperantibus
1181 2223 1343 2288 dumtaxat
1364 2224 1397 2288 et
1418 2224 1644 2303 sacerdotibus,
1674 2223 1728 2289 sed
1748 2225 1940 2308 praetereas
1962 2237 1999 2284 er
2017 2215 2106 2282 mili-

339 2335 476 2402 tantibus
489 2340 611 2405 constat
620 2341 806 2406 universitas
817 2340 955 2406 civitatis
967 2341 1015 2427 (τὸ
1026 2345 1148 2424 sadaca
1159 2345 1214 2427 τῆς
1224 2343 1364 2429 πόλεως).
1388 2343 1581 2427 Quapropter
1590 2343 1730 2410 militum
1743 2361 1855 2408 noman
1869 2337 2061 2406 intercidisse
2070 2335 2106 2400 at

339 2457 390 2532 εἰς,
408 2455 489 2538 quod
503 2459 574 2539 post
586 2460 676 2545 ἱερεῖς
690 2459 814 2543 legitur,
833 2461 923 2526 huius
945 2461 1072 2528 bonnae
1087 2461 1239 2528 indicium
1256 2464 1346 2530 nobis
1356 2462 1508 2528 mansisse
1528 2461 1605 2528 olim
1623 2461 1797 2547 suspicatus
1808 2477 1891 2525 sum:
1911 2478 1982 2526 cum
1999 2459 2105 2522 tauron

339 2592 444 2640 sorum
464 2576 581 2642 mentio
603 2579 662 2644 hoc
679 2579 746 2645 loco
761 2597 983 2664 supervacanea
998 2581 1050 2660 sit
1072 2581 1204 2648 fortasse
1220 2584 1274 2665 τῆς
1293 2584 1412 2660 πόλεως
1426 2600 1443 2646 ο
1458 2583 1530 2650 τοῦ
1550 2584 1841 2668 πολιτεύματος
1851 2580 1891 2664 ⁴⁹)
1905 2578 2104 2664 depravatum

338 2695 370 2758 ot
390 2695 478 2781 ἱεροῖς
493 2698 565 2782 [εἰς]
585 2697 706 2778 <aab
727 2700 952 2766 restituendum
973 2717 1041 2766 esse
1062 2701 1252 2779 coniectans,
1279 2702 1342 2768 uisi
1366 2702 1461 2767 etiam
1483 2701 1578 2766 altius
1599 2703 1772 2787 corruptela
1790 2701 1878 2780 latet,
1899 2695 2106 2785 probabiliora

337 2813 635 2894 invenissavidebor‚
658 2817 821 2900 siquidem
835 2821 910 2885 licet
926 2820 1056 2886 fortasse
1079 2824 1137 2889 τοῦ
1157 2822 1385 2907 πολιτεύματος
1405 2822 1529 2886 uomina
1553 2823 1674 2905 pmcter
1692 2823 1826 2888 ractores
1848 2820 1987 2886 civitatis
2008 2815 2105 2882 adam

339 2949 391 2996 eos
404 2932 578 3015 complecti,
599 2936 661 3018 qui,
676 2939 840 3020 postquam
858 2939 940 3004 inter
959 2939 1032 3004 illos
1045 2940 1178 3018 iucmnt,
1199 2913 1326 3024 propter
1338 2940 1529 3005 senectutem
1543 2940 1582 3005 ab
1597 2941 1682 3007 omni
1696 2960 1769 3007 cura
1781 2940 1968 3026 reipublicae
1981 2933 2105 3002 liberati

338 3070 400 3118 ηοη
420 3053 558 3136 politicis
580 3054 705 3136 quidem
726 3057 912 3135 muneribus,
935 3058 990 3123 sed
1009 3059 1142 3141 publicis
1156 3061 1261 3124 umen
1283 3059 1390 3142 eisquc
1412 3059 1732 3125 honorificentissimis
1746 3059 1925 3144 funguutur.
1952 3057 2103 3136 uimque,

338 3173 375 3237 ut
400 3172 587 3238 Aristoteles
615 3172 692 3238 dicit
710 3175 765 3251 IV,
789 3176 838 3240 15.
862 3177 972 3254 lasso,
997 3178 1035 3242 lo
1058 3197 1141 3261 sqq,
1166 3195 1227 3244 non
1253 3172 1410 3264 ἄρχοντες
1439 3179 1511 3243 sunt
1531 3179 1721 3258 sacerdotes,
1747 3178 1801 3244 sad
1828 3173 1933 3264 ἕτερόν
1963 3205 1989 3244 τι
2016 3171 2104 3259 παρὰ

339 3293 397 3370 τὰς
417 3291 581 3369 πολιτικὰς
600 3291 709 3381 ἀρχὰς
731 3294 937 3361 sacerdotium
959 3298 1016 3362 est
1976 3382 1978 3386 ι

503 3411 541 3476 In
561 3412 673 3494 capitis
694 3414 813 3480 tertii
827 3414 970 3480 docimi
983 3415 1083 3482 verbis
1098 3411 1129 3483 οῗ
1150 3416 1176 3484 δ’
1198 3415 1298 3494 εὐθὺς
1316 3417 1380 3484 οὐκ
1399 3417 1505 3502 spada
1525 3417 1654 3499 ζητοῦσι
1676 3415 1733 3500 τὴν
1750 3415 1971 3504 εὐδαιμονίαν,
1995 3414 2105 3488 ludas,

341 3532 361 3594 2
383 3548 429 3611 sq.
442 3531 490 3614 ⁶⁰),
512 3530 572 3595 atsi
585 3531 667 3596 haud
690 3533 773 3598 mala
794 3531 1004 3618 Madvigius
1026 3535 1158 3601 eomedit
1179 3527 1319 3619 adare,
1339 3537 1444 3601 umen
1466 3535 1566 3614 adada
1583 3535 1704 3600 delendi
1717 3535 1831 3620 potest,
1853 3535 1881 3599 si
1902 3533 2027 3618 quidem
2046 3533 2108 3598 hoc

340 3648 559 3732 primanos,
587 3649 681 3714 finem
701 3651 798 3716 totius
820 3653 903 3718 vitae
924 3653 1131 3719 instituendae
1151 3655 1234 3724 roceo
1257 3654 1318 3720 eibi
1338 3673 1505 3739 proponere
1526 3673 1625 3738 nsque
1646 3655 1734 3720 falsis
1756 3653 1793 3720 de
1813 3654 1964 3720 soliditate
1986 3652 2106 3738 opinio-

341 3767 431 3833 nibus
453 3786 486 3832 se
507 3767 625 3847 dedere,
654 3770 686 3834 st
708 3773 816 3854 postea
844 3771 969 3838 demum
990 3774 1165 3856 quaeritur,
1194 3771 1300 3838 utrum
1329 3773 1482 3857 praesidia
1510 3777 1592 3841 recto
1618 3775 1731 3860 aligera
1759 3773 1908 3857 nobisque
1931 3789 2106 3855 comparare

340 3888 504 3970 possimus,
528 3885 638 3970 quibus
659 3905 765 3954 revera
786 3890 825 3955 ad
846 3891 928 3956 hunc
955 3893 1049 3958 mem
1069 3893 1153 3958 recte
1172 3893 1332 3976 cognitum
1358 3893 1574 3976 perducamur,
1595 3915 1634 3960 an
1657 3896 1821 3978 quominus
1842 3895 1902 3960 boo
1921 3891 1976 3957 fiat
1997 3893 2107 3956 natura

341 4005 391 4070 vsl
412 4005 535 4071 fortuma
554 4005 714 4089 impediat.
758 4008 940 4078 Germanica
962 4013 1117 4078 vertemus
1139 4030 1218 4090 „von
1236 4029 1312 4078 vom
1334 4014 1472 4080 bereiu“.

507 4125 555 4190 De
575 4126 686 4214 capitis
707 4129 812 4194 autem
833 4131 968 4211 quarti
995 4130 1139 4196 decimi
1161 4130 1252 4196 initio
1282 4129 1346 4198 ἔνι)
1375 4131 1410 4200 dl
1439 4135 1531 4201 τᾶσω
1559 4132 1700 4216 πολιτικὴ
1726 4134 1880 4204 κοινωνία
1909 4133 2108 4214 συνέστηκεν

343 4243 377 4326 ἐξ
397 4243 566 4328 ἀρχόντων
588 4242 645 4314 aa}
669 4245 873 4334 ἀρχομένων,
895 4251 987 4318 τοῦτο
1008 4243 1118 4336 ἤδηω)
1139 4249 1305 4333 σκεπτέον,
1326 4251 1355 4317 εἱ
1374 4253 1498 4337 ἑτέρους
1519 4245 1600 4320 εἶναι
1622 4260 1675 4322 δεῖ
1690 4253 1763 4332 τοὺς
1777 4247 2012 4339 ἄρχονταςκαὶ
2032 4251 2111 4328 τοὺς

342 4359 547 4446 ἀρχομένους
567 4356 586 4446 ἢ
609 4364 683 4440 τοὺς
702 4364 822 4442 αὐτοὺς
839 4369 893 4436 διὰ
915 4369 998 4454 βίον,
1023 4369 1134 4446 latas,
1152 4369 1285 4448 12-15,
1309 4369 1385 4435 bene
1404 4369 1488 4434 idem
1501 4370 1713 4456 Madvigius
1734 4372 1841 4452 ,‚hoc“‚
1863 4373 1974 4456 inquit,
1990 4389 2108 4454 „nsque

343 4480 426 4544 recte
447 4479 559 4548 dicitur
579 4483 715 4568 (ἐτέρους
734 4479 814 4554 εἶναι
836 4503 891 4570 pro
914 4487 1130 4572 ἐναλλάττειν)
1158 4505 1255 4573 neque
1278 4488 1339 4567 eis,
1370 4507 1447 4572 quas
1475 4493 1633 4568 secuntur,
1661 4494 1768 4578 aptum
1798 4493 1882 4558 asb‘:
1911 4491 2013 4560 minue
2034 4509 2108 4556 vcro

342 4599 419 4663 benc
440 4592 460 4681 ἢ
479 4598 651 4666 tollendum
672 4621 739 4668 essa
766 4606 865 4688 putat
895 4605 956 4671 Ubi
978 4607 1060 4672 enim
1079 4607 1147 4690 ipsa
1167 4624 1218 4671 ros
1239 4606 1387 4674 dilemma
1400 4608 1490 4673 affert
1511 4609 1562 4676 vel
1583 4610 1749 4688 dilemma,
1771 4612 1831 4678 hoc
1852 4613 1947 4678 etiam
1962 4611 1994 4676 iu
2008 4609 2111 4675 lorma

445 4841 449 4848 -
509 4808 558 4876 48)
575 4807 606 4862 L
624 4809 642 4860 l.
661 4816 711 4861 ⁴02
729 4827 767 4877 sq.

512 4893 560 4960 49)
578 4894 637 4946 Non
655 4909 669 4946 a
687 4894 733 4949 τοῦ
749 4895 943 4966 πολιειιῗμοτοε
962 4899 1002 4948 vel
1021 4893 1067 4952 ιοῖ
1079 4895 1226 4962 πολιτικοῦ,
1251 4877 1315 4951 sicut
1333 4901 1421 4968 scripsi
1442 4904 1466 4953 in
1485 4905 1593 4954 editionc
1613 4921 1681 4956 moa:
1701 4921 1758 4955 nam
1778 4899 1807 4958 roi
1824 4898 1965 4958 πολιτικὸν
1981 4904 2112 4969 siguificat

344 4985 423 5030 totam
441 4979 569 5031 canaam
586 4995 600 5032 ο
618 4979 698 5032 tribus
715 4982 766 5033 illis
785 4984 896 5049 partibus
915 4993 1070 5035 constantem
1089 5001 1110 5035 ο.
1130 4991 1154 5035 ν.
1177 4990 1266 5046 tudda,
1284 4991 1326 5038 80.

513 5067 560 5134 to)
578 5067 619 5119 Ι)ο
636 5070 714 5120 totius
731 5070 826 5135 periodi
847 5071 937 5131 lualb,
956 5077 1118 5132 νῡ-Ινννη,
1137 5079 1161 5122 u.
1181 5081 1307 5124 structum
1325 5075 1417 5140 optimc
1435 5075 1552 5127 disseruit
1571 5075 1746 5126 Bonitriue
1765 5073 1870 5126 tristor.
1884 5073 1988 5127 Studien
2007 5075 2043 5126 lt.
2057 5075 2111 5128 111.

344 5170 368 5220 p.
389 5157 422 5204 94
440 5168 477 5220 sq.
496 5152 535 5220 (ia
554 5152 651 5207 Gomm
669 5155 826 5222 philon-bin
850 5159 922 5207 acad.
941 5158 1054 5208 Vindob.
1074 5157 1160 5210 XLII.
1177 5175 1201 5224 p.
1220 5163 1253 5208 du
1270 5159 1323 5226 sq.)

513 5239 560 5306 ul)
579 5239 621 5292 Sic
639 5239 708 5293 Guil.
727 5249 753 5294 st
770 5243 822 5306 lb,
841 5241 910 5296 odona
928 5259 965 5310 pr.
987 5245 1033 5309 P',
1052 5239 1085 5312 dp*
1104 5245 1260 5299 Bellunum
1279 5249 1375 5300 catoris.
