4670 5824
995 361 1253 435 ..13-

236 595 265 638 v.
289 574 425 651 27-29,
449 573 499 638 vix
520 574 605 639 alind
624 577 754 658 possunt
776 574 942 651 intendere,
965 574 1027 638 nisi
1048 577 1092 648 ut,
1115 591 1175 656 qna
1196 575 1295 638 altera
1317 575 1427 637 harum
1455 573 1584 637 duarum
1606 576 1828 642 sententiarum
1850 579 1940 642 altori
1959 578 2014 642 ad-

241 693 387 770 versetur,
410 693 645 776 repugnantiam
669 692 864 776 patefaciant
910 691 1000 771 Quod
1022 693 1051 755 si
1071 693 1117 756 ita
1138 710 1171 755 se
1193 693 1287 757 habet
1307 710 1404 774 neque
1427 693 1522 756 alicui
1543 694 1702 777 continget
1720 697 1839 762 veriora
1859 696 2013 781 detegere,

237 812 356 898 ὁμοίως
384 813 480 877 ctiam
507 813 542 876 in
569 832 598 876 v.
622 813 664 876 25
689 813 761 895 post
788 809 964 879 ἐπαινεῖταί
987 839 1028 898 με
1055 812 1109 875 aut
1128 810 1243 874 diserte
1272 811 1468 876 scribendum
1488 813 1542 876 aut
1562 813 1658 877 tacite
1678 813 1874 880 adiciendum
1901 817 1933 880 et
1954 807 2015 883 οὖν

238 952 265 996 v.
287 933 337 995 27.
361 951 432 996 cum
453 931 494 999 ni
515 931 768 996 commutandum
792 932 849 1008 est,
873 931 954 995 sicut
975 930 1127 996 contrario
1150 949 1250 995 errore
1272 931 1341 1008 Vn,
1364 932 1412 994 14.
1439 932 1553 1008 1333ο,
1577 934 1627 996 26.
1650 933 1677 1002 δ’
1701 953 1756 1016 pro
1772 926 1836 1002 οὖν
1857 935 1946 1000 offert
1960 936 2012 999 P¹.

237 1051 303 1116 Nec
323 1069 386 1116 non
406 1051 478 1116 inde
500 1051 639 1133 sequitur
661 1069 677 1114 e
698 1050 801 1116 verbis
819 1050 968 1133 proximis
990 1051 1105 1115 misere
1128 1049 1279 1132 corruptis
1309 1047 1373 1116 ἐπεὶ
1403 1042 1464 1117 οὖν
1492 1049 1565 1118 ποτὲ
1587 1059 1681 1119 δοκεῖ
1705 1053 1874 1140 ἀμφότερα
1896 1053 1954 1122 καὶ
1974 1055 2014 1121 od

237 1171 340 1238 ταῦτὰ
362 1176 428 1238 δεῖν
450 1169 506 1238 riv
528 1164 675 1255 ἀρχοντα
696 1169 881 1256 μανθάνειν
904 1167 959 1236 καὶ
982 1170 1038 1236 τὸν
1060 1169 1255 1255 ἀρχόμενον,
1275 1167 1332 1235 τὸν
1358 1167 1391 1236 δὲ
1411 1170 1538 1252 πολίτην
1562 1171 1714 1258 ἀμφότερ’
1737 1173 1934 1247 ἐπίστασθαι
1956 1169 2013 1238 καὶ

234 1291 380 1378 μετέχειν
402 1289 537 1376 ἀμφοῖν,
557 1288 738 1364 κάντεῦθεν
759 1289 932 1371 (medanae
955 1287 1015 1365 Μ’,
1038 1289 1230 1366 τούντεῦθεν
1252 1289 1359 1352 P'·³·⁴·
1372 1287 1414 1367 (Ρ
1428 1288 1471 1352 Tb
1494 1290 1580 1354 Aret.
1595 1290 1667 1355 ΑΜ.
1689 1291 1801 1375 Bekk.)
1820 1283 1865 1358 ἀν
1888 1291 2012 1358 κατίδοι

236 1439 297 1494 τις,
326 1427 355 1473 r.
379 1407 531 1484 29-32,
562 1405 833 1489 quomodocunque
861 1407 926 1472 sint
951 1408 1156 1484 restituenda,
1184 1409 1264 1472 hanc
1293 1408 1355 1472 fere
1378 1409 1565 1473 sententiam
1589 1429 1655 1474 esse
1677 1410 1856 1474 eruendam:
1886 1409 2011 1487 „utrum

239 1528 356 1611 „igitur
374 1527 577 1592 nihilominus
601 1526 686 1590 omni
709 1544 745 1591 ex
765 1527 852 1608 parte
875 1526 1004 1608 utraque
1026 1527 1129 1609 opinio
1158 1546 1196 1590 an
1227 1528 1376 1608 quatenus
1394 1527 1437 1591 sit
1452 1529 1661 1605 sustentanda,
1685 1529 1901 1612 explorandum
1923 1529 1955 1592 et
1975 1547 2011 1592 ex

238 1648 320 1726 „eis,
350 1663 427 1729 quae
448 1645 629 1728 sequentur,
659 1645 867 1727 colligendum
890 1646 966 1710 est‘.
1010 1644 1091 1728 Ergo
1114 1645 1306 1722 radendam
1322 1645 1415 1710 lectio
1437 1645 1604 1722 reicienda,
1630 1647 1811 1725 advectam
1831 1647 1920 1710 unice
1940 1665 2011 1730 pro-

237 1765 371 1830 bandum
395 1765 451 1838 est,
474 1781 528 1848 pro
553 1782 613 1846 quo
636 1781 673 1827 ue
695 1764 845 1840 decedam
876 1782 946 1828 cum
962 1763 1073 1828 Corae
1094 1763 1351 1846 nassovioquc
1373 1765 1577 1848 expectemus,
1600 1764 1769 1842 videamus,
1791 1783 1890 1829 nonne
1905 1766 2010 1832 τοῦτο

235 1889 304 1954 νῦν
328 1885 533 1968 σκοποῖμεν
555 1881 605 1946 vel
626 1882 744 1947 similia
765 1887 836 1948 ante
857 1885 915 1948 hoe
934 1883 1063 1948 verbum
1077 1883 1260 1948 exciderint:
1279 1885 1422 1978 recteque
1444 1884 1652 1950 nassovius
1665 1885 1706 1967 ³²)
1725 1904 1780 1968 pro
1796 1883 1857 1951 ἐπεὶ
1879 1884 2011 1949 coniecit

234 2009 267 2072 εἰ
287 2003 369 2088 μὲν,
393 2003 502 2068 malim
523 2003 643 2078 tamen,
672 2021 742 2066 cum
762 2000 797 2069 ni
817 2020 878 2066 non
899 2003 1059 2084 sequatur,
1091 2004 1266 2068 sitentium
1297 2022 1451 2087 reponere.
1496 2003 1556 2068 Sed
1577 2003 1658 2085 quod
1681 2003 1765 2067 idem
1784 2003 2010 2070 oddelendum

237 2143 303 2188 esse
320 2123 419 2207 putat,
439 2139 500 2185 uon
520 2121 622 2185 solum
637 2120 807 2203 connmpit
827 2139 949 2198 nexum,
972 2139 1064 2203 quem
1083 2122 1237 2204 proposui,
1261 2121 1494 2200 sententiarum,
1519 2141 1626 2187 venun
1641 2123 1737 2186 etiam
1752 2122 1798 2186 sic
1819 2122 1913 2186 simul
1928 2124 2010 2187 certe

235 2244 290 2310 τόν
312 2272 344 2309 τε
365 2259 419 2325 pro
447 2240 503 2308 rte
526 2238 560 2308 dt
581 2240 744 2304 restituere
767 2238 911 2318 debebat,
942 2240 1102 2322 qnoniam,
1126 2241 1154 2304 si
1176 2241 1207 2304 et
1226 2240 1280 2322 qui
1301 2241 1434 2324 imperat
1460 2243 1492 2306 et
1514 2243 1567 2323 qui
1595 2243 1683 2325 paret
1702 2243 1868 2322 utrumque
1890 2241 2008 2317 didicit,

237 2366 268 2425 et
288 2360 365 2426 bene
385 2361 538 2443 imperare
560 2361 592 2424 et
613 2361 690 2425 bene
711 2377 830 2442 parere,
860 2357 970 2424 didicit
996 2360 1160 2441 utrumque
1189 2359 1286 2424 etiam
1307 2359 1400 2437 civis,
1420 2361 1543 2443 'quippe
1564 2363 1618 2442 qui
1639 2361 1693 2425 aut
1715 2360 1869 2444 imperans
1892 2360 1934 2424 sit
1955 2359 2010 2424 aut

236 2499 361 2565 parens,
387 2481 436 2555 ut,
467 2479 495 2544 si
516 2479 596 2544 hanc
626 2478 833 2543 coniecturam
853 2479 1033 2560 probemus,
1063 2479 1155 2543 verba
1177 2477 1233 2546 τὸν
1255 2477 1289 2546 δὲ
1311 2481 1439 2562 πολίτην
1461 2519 1501 2528 -
1527 2481 1651 2566 ἀμφοῖν
1672 2498 1734 2544 non
1756 2481 1817 2543 nisi
1837 2498 1923 2544 mera
1945 2480 2009 2542 sint

236 2598 484 2664 antecedentium
503 2597 637 2662 iteratio.
681 2598 795 2662 Melius
818 2599 915 2682 igitur
937 2593 1027 2682 ἕτερον
1045 2615 1099 2681 pro
1119 2597 1286 2684 ἀμφότεροι
1309 2599 1440 2664 coniecit
1463 2598 1609 2672 Ocraes,
1632 2599 1750 2681 optime
1770 2598 1870 2662 multo
1891 2598 2008 2662 leniore

237 2718 390 2784 medicina
409 2716 550 2782 adhibita
571 2715 627 2784 καὶ
647 2719 720 2782 aute
740 2717 780 2784 οὐ
810 2715 913 2784 ταῦτὰ
933 2715 1061 2780 seclusit
1083 2715 1371 2801 sparganion),
1398 2718 1434 2780 ut
1461 2717 1621 2799 sequentia
1647 2717 1727 2782 nihil
1749 2717 1812 2781 sint
1833 2717 1895 2780 nisi
1917 2734 2008 2799 eper-

236 2838 336 2920 egesis
365 2837 534 2924 ἀμφότεροι
555 2838 657 2904 verbi:
678 2836 804 2918 πολίτης
824 2836 930 2900 autam
951 2835 1128 2918 angustiore
1148 2855 1240 2900 sensu
1253 2855 1309 2920 pro
1329 2837 1512 2924 ἀρχόμενος
1533 2835 1659 2919 πολίτης
1681 2837 1782 2902 dictus
1805 2837 1900 2901 etiarn
1914 2855 1943 2900 v.
1954 2837 2005 2900 23.

234 2947 370 3042 ἀρχοντι
394 2957 567 3040 opponitur.
610 2959 775 3022 Praeterea
796 2974 866 3022 vero
889 2955 961 3024 cori
984 2962 1077 3024 δοκεῖ
1093 2957 1185 3020 verba
1205 2955 1268 3020 iam
1289 2974 1343 3038 per
1363 2974 1395 3020 se
1417 2955 1584 3020 admodum
1605 2955 1744 3021 difficilia
1770 2956 1920 3039 quomodo
1943 2953 2007 3022 ἐπεὶ

235 3077 269 3140 in
292 3079 319 3143 εἰ
339 3077 460 3140 mutato
483 3078 565 3140 stare
587 3077 709 3158 queant,
732 3075 875 3157 equidem
895 3094 1019 3159 prorsus
1041 3093 1103 3140 non
1121 3074 1280 3159 intellego.
1324 3077 1361 3141 Εἰ
1382 3076 1474 3152 enirn,
1497 3076 1550 3140 ubi
1572 3095 1632 3140 non
1656 3074 1876 3151 condicionem,
1899 3075 2008 3139 sedin

236 3195 374 3259 oratione
396 3193 547 3260 indirecta
569 3195 842 3278 interrogationem
863 3194 1029 3278 significat,
1053 3213 1123 3258 cum
1145 3193 1218 3262 ποτὶ
1241 3194 1438 3260 coniunctum
1459 3214 1612 3277 nusquam
1634 3195 1747 3272 inveni,
1765 3214 1821 3260 nec
1842 3195 1933 3259 facile
1951 3194 2006 3258 ad-

236 3313 329 3378 ducor
350 3313 389 3378 ad
410 3313 594 3378 credendum
622 3320 716 3382 δοκεῖ
738 3332 843 3379 revera
871 3312 954 3377 idem
976 3331 1066 3396 posse
1089 3331 1197 3378 sonare
1218 3313 1311 3395 atque
1332 3312 1412 3396 apud
1434 3313 1560 3378 Latinos
1583 3314 1854 3397 ,‚potcsttene1i“.
1897 3314 2006 3395 Itaque

235 3435 265 3498 si
286 3434 378 3497 liceat
397 3432 544 3497 hariolari
566 3434 651 3516 (nam
672 3451 733 3498 non
756 3433 789 3496 in
809 3430 1006 3497 coniectando
1036 3431 1189 3514 profecto,
1217 3431 1271 3496 sed
1299 3432 1332 3496 in
1352 3433 1531 3498 hariolando
1553 3432 1725 3516 resposita
1746 3435 1821 3518 est),
1849 3451 1886 3497 ex
1913 3433 2006 3501 ἀνιο-

234 3553 422 3636 δὲχεσναι
445 3557 505 3620 δεῖ
519 3552 649 3616 forsitan
670 3531 762 3617 verba
783 3551 929 3616 mutilata
952 3568 1020 3615 csse
1041 3549 1152 3616 dicam.

403 3671 494 3736 Nunc
518 3672 622 3735 autem
651 3673 687 3735 ut
714 3671 874 3752 sequentia
896 3688 1015 3752 quoque
1037 3670 1209 3734 accuratius
1232 3671 1448 3755 inspiciamus,
1480 3672 1570 3737 docet
1596 3673 1629 3736 in
1660 3674 1705 3737 eis
1732 3673 1919 3738 Aristoteles
1944 3673 2005 3737 im-

235 3793 356 3875 perium
376 3795 413 3855 ut
434 3791 558 3857 omniuo
581 3791 749 3854 liberorum
770 3789 931 3854 hominum
952 3789 999 3854 ita
1023 3789 1119 3853 etiam
1138 3789 1253 3854 civium
1282 3809 1343 3855 non
1364 3811 1455 3876 posse
1476 3793 1554 3858 bene
1576 3793 1708 3857 exerceri
1728 3793 1790 3855 nisi
1810 3793 1849 3857 ab
1872 3811 1922 3867 eo,
1951 3794 2005 3872 qni

235 3913 313 3976 bene
339 3929 445 3994 parere
472 3910 630 3988 didicerit,
659 3926 786 3991 eamque
816 3908 855 3972 ob
880 3925 1021 3972 caussam
1040 3926 1101 3971 non
1124 3908 1227 3972 minus
1253 3909 1402 3974 virtutem
1424 3911 1562 3986 virilem,
1592 3912 1704 3994 quippe
1733 3929 1826 3993 quam
1852 3912 1943 3976 antea
1972 3911 2004 3974 in

235 4029 342 4094 eadem
370 4029 490 4094 ratione
518 4027 656 4113 positam
675 4045 742 4092 esse
764 4025 933 4090 viderimus
954 4043 1025 4090 eum
1044 4026 1160 4090 virtute
1186 4026 1283 4091 talem
1303 4027 1335 4090 in
1356 4027 1483 4092 modum
1506 4029 1702 4113 imperantis,
1732 4031 1880 4095 ambabus
1906 4029 2003 4093 facul-

233 4149 352 4215 tatibus
372 4148 501 4214 deliniri.
546 4147 640 4212 tirius
662 4146 881 4230 disputationis
902 4145 936 4208 in
956 4145 1069 4209 ultima
1090 4145 1176 4227 parte
1199 4145 1256 4213 καὶ
1276 4145 1394 4232 ἀνδρὸς
1415 4145 1454 4228 δὴ
1480 4147 1527 4232 (δὲ
1549 4151 1621 4232 nti)
1644 4150 1782 4236 ἀγαθοῦ
1803 4142 1921 4234 ἀμφω,
1946 4147 2003 4216 καὶ

232 4271 262 4334 εἰ
290 4263 393 4354 ἕτερον
416 4261 499 4343 εἶδος
526 4266 741 4352 σωφροσύνης
776 4263 833 4333 κοῦ
863 4263 1073 4345 δικαιοσύνης
1102 4263 1254 4350 ἀρχικῆς·
1290 4265 1347 4332 καὶ
1376 4267 1442 4353 γὰρ
1470 4266 1657 4354 ἀρχομένου
1682 4265 1742 4352 μδν
1771 4269 1941 4355 ἐλευθέρου
1970 4267 2004 4338 dt

232 4390 331 4468 δῆλον
353 4381 399 4453 ὅτι
422 4387 462 4453 οῦ
483 4386 542 4472 μιά
564 4377 609 4452 ἀν
630 4380 675 4466 εἴη
698 4386 755 4451 νοῦ
776 4385 914 4470 ἀγαθοῦ
936 4383 1040 4471 ἀρετή,
1064 4384 1181 4460 12771),
1205 4386 1356 4463 16-19,
1384 4387 1504 4451 retenta
1534 4387 1655 4471 Vulgari
1678 4386 1924 4470 interpunctione
1946 4390 2003 4456 mi

232 4499 395 4592 ἄρχοντος
415 4523 469 4588 pro
492 4507 550 4572 τοῦ
572 4504 710 4591 ἀγαθοῦ
729 4506 771 4588 (v.
798 4503 860 4587 ln.)
881 4503 1013 4567 coniecit
1034 4502 1235 4568 ltassovius
1248 4504 1299 4587 ⁸⁴).
1342 4506 1387 4568 At
1404 4505 1475 4587 post
1495 4506 1633 4590 proxime
1654 4505 1867 4589 praecedentia
1886 4507 1944 4576 καὶ
1961 4547 2002 4560 -

232 4619 335 4712 ἀμφω
364 4623 515 4707 quomodo
538 4621 594 4690 καὶ
623 4624 651 4688 εἱ
665 4661 698 4670 -
720 4621 875 4707 ἀρχικῆς,
906 4623 934 4686 si
953 4622 1003 4685 his
1025 4622 1127 4687 verbis
1149 4621 1308 4686 claudatur
1332 4625 1542 4700 enuntiatum,
1563 4627 1785 4709 temperantiae
1805 4629 1836 4693 et
1852 4629 2002 4708 iustitiae,

232 4743 340 4828 quales
367 4744 400 4807 in
425 4743 596 4828 imperante
624 4741 700 4816 sint,
728 4757 789 4803 non
817 4740 855 4804 ab
888 4739 1005 4806 eisdem
1034 4741 1093 4804 viri
1112 4741 1202 4818 boni,
1231 4741 1285 4806 sed
1308 4741 1385 4807 civis
1412 4744 1488 4810 bene
1514 4743 1705 4810 oboedientis
1725 4747 1893 4812 virtutibus
1914 4747 2002 4812 diffe-

401 5084 446 5142 nn)
470 5081 662 5146 Bemerkungen
681 5081 743 5132 nber
765 5082 849 5146 einigc
867 5081 962 5135 Stellen
981 5085 1026 5135 der
1047 5083 1142 5135 Politilx
1160 5085 1203 5136 des
1222 5085 1380 5145 Aristoteles,
1400 5087 1496 5138 Vimar.
1513 5087 1725 5140 MDCCCLXIV
1752 5094 1802 5154 pn
1821 5105 1859 5154 sq.

400 5169 447 5233 aa)
467 5167 523 5218 nl.
542 5183 567 5232 p.
580 5171 608 5216 ar
632 5166 703 5233 (ru).

400 5254 447 5320 ³⁴)
467 5253 496 5303 1..
507 5253 523 5302 1.
543 5269 566 5319 p.
583 5258 621 5303 ln.
658 5253 761 5303 Rectirrs
782 5253 847 5304 idem
866 5269 888 5304 v.
910 5261 932 5303 4.
953 5247 1068 5321 ἄρχοντα
1088 5273 1134 5324 pru
1152 5251 1258 5323 ἀράθδν
1276 5258 1391 5309 coniecit.
