4610 5840
1065 268 1315 342 ..14-

305 496 373 567 roric
401 487 560 564 πλείσταις
588 486 651 553 τῶν
669 484 805 568 πόλεων,
833 484 872 552 τά
900 482 934 553 dd
963 486 1122 571 persordida
1150 487 1188 572 τῇ
1211 487 1398 574 καλουμένῃ
1424 487 1579 571 πολιτείᾳ,
1607 486 1655 556 διὸ
1684 487 1750 574 περὶ
1776 490 1899 577 ἀμφοῖν
1919 492 1963 570 ὡς
1988 494 2066 580 μιᾶς

305 609 441 678 λεκτέον.
484 605 594 671 Νοιιιιιι
615 607 692 670 baec
714 621 809 688 paene
833 603 873 668 ad
893 603 1021 670 verbum
1043 604 1207 668 concinunt
1227 622 1298 670 oum
1317 605 1422 670 nostro
1445 605 1527 670 loco:
1557 607 1639 692 μέση
1667 605 1702 676 dl
1723 608 1843 676 τούτων
1865 602 1905 692 ἣν
1925 611 2063 678 καλοῦσι

303 725 462 796 πολιτείαν
484 763 520 778 -
548 728 575 792 εἰ
595 722 656 811 μὶν
677 716 737 792 οὖν
759 722 949 805 κοινοτάτην
970 723 1088 806 ταύτην
1108 722 1344 804 κατασκευάζει
1367 729 1435 801 ταῖς
1461 725 1568 792 πόλισι
1592 727 1655 793 τῶν
1674 720 1782 795 dioec
1803 729 1982 814 πολιτειῶν,
2001 759 2064 797 κα-

302 849 365 926 λῶς
385 843 507 932 εἴρηκεν
528 841 623 930 ἴσως,
643 846 671 912 ei
689 845 715 912 δ’
738 842 781 922 ὡς
803 841 937 928 ἀρίστην
958 841 1039 929 μετὰ
1062 841 1118 925 τὴν
1139 842 1263 929 πρώτην
1288 842 1461 928 πολιτείαν,
1487 845 1527 912 οὐ
1548 847 1666 923 καλῶς·
1709 847 1800 930 τάχα
1830 847 1898 936 γάρ
1924 845 1981 930 τὴν
2001 851 2063 917 τῶν

302 967 466 1036 Λακώνων
488 958 532 1032 άν
554 989 598 1042 τις
620 963 791 1030 ἐπαινέσειε
809 963 936 1050 μᾶλλον
958 953 978 1029 d
1000 954 1066 1030 κάν
1086 955 1188 1046 άλλην
1208 961 1281 1030 τινὰ
1302 961 1672 1051 άριστοκρατικωτίρανλ

469 1083 576 1166 Neque
601 1081 703 1146 minus
726 1080 921 1165 Spengelio
934 1081 975 1165 ω)
996 1081 1095 1146 alium
1114 1081 1205 1146 hrdus
1226 1081 1337 1166 cepitis
1358 1081 1470 1160 locum,
1493 1081 1530 1146 de
1551 1099 1609 1164 quo
1630 1083 1697 1166 ipse
1718 1083 1858 1163 disserui,
1882 1086 1998 1164 lassa,
2024 1088 2061 1150 17

302 1223 368 1288 sqq.
389 1202 536 1266 metanti
555 1198 780 1283 obloquendum
802 1202 863 1278 est,
892 1200 966 1278 etsi,
989 1198 1070 1283 quod
1090 1199 1234 1265 omittere
1263 1218 1319 1284 ego
1341 1217 1402 1264 non
1423 1199 1587 1279 debebam,
1616 1200 1671 1265 ille
1696 1201 1824 1280 adiecit,
1848 1203 1913 1270 iam
1934 1223 2003 1270 eam
2024 1205 2062 1270 ob

302 1341 424 1389 causam
445 1321 527 1386 mele
547 1319 730 1384 Muretum
759 1337 813 1402 pro
837 1317 903 1386 ἀλλ’
928 1318 1063 1385 voluisse
1080 1319 1309 1400 ἐννενήκοντα,
1336 1319 1408 1402 quia
1428 1337 1490 1384 nou
1510 1319 1579 1397 XO,
1609 1319 1663 1384 scd
1684 1320 1822 1386 CLXXX
1845 1320 2021 1406 designent,
2044 1341 2061 1386 e

302 1443 411 1526 quibus
430 1443 501 1505 tum
519 1439 649 1520 denique
670 1437 800 1502 dimidia
819 1456 890 1522 pars
910 1437 1050 1520 eligetur.
1094 1437 1210 1504 Lomm
1231 1440 1314 1502 enim
1335 1441 1438 1504 totum
1459 1439 1504 1504 sio
1523 1440 1694 1504 restaurare
1716 1442 1842 1504 conatus
1868 1442 1932 1506 cst:
1960 1435 2003 1508 dr
2024 1445 2062 1510 ἐκ

300 1565 363 1631 τῶν
385 1563 505 1647 τρίτων,
527 1557 608 1640 πλὴν
631 1558 671 1625 οὐ
692 1559 795 1626 πᾶσιν
816 1555 999 1646 &anayade
1022 1550 1060 1640 ἦν
1081 1565 1144 1636 τοῖς
1164 1560 1202 1627 ἐκ
1222 1561 1285 1626 τῶν
1312 1558 1442 1646 [τρίτων
1462 1549 1502 1642 ἢ]
1524 1558 1688 1646 τετάρτων·
1731 1561 1769 1628 ἐκ
1789 1557 1824 1628 bl
1849 1561 1929 1645 [roso¹
1949 1561 2059 1646 τετάρ-

300 1685 370 1768 του]
393 1683 456 1748 τῶν
478 1678 632 1766 τετάρτων
652 1708 684 1746 ιι.
706 1706 732 1745 ι.
754 1687 782 1744 λ
804 1694 901 1760 neque
923 1677 1079 1760 explicuit,
1101 1676 1175 1760 quid
1196 1677 1257 1743 sibi
1278 1677 1355 1744 velit
1374 1677 1590 1761 imperfectum
1609 1671 1658 1761 ἦν,
1680 1697 1779 1762 neque
1799 1677 1879 1745 vidit
1899 1677 1940 1747 od
1961 1680 2060 1747 πᾶσιν

300 1798 483 1889 &coapata
503 1797 587 1862 idem
608 1815 677 1862 esse
698 1814 734 1860 eo
754 1793 848 1874 ἐνίοις
868 1795 971 1883 μόνον
990 1797 1183 1885 ἕκαναγκές,
1205 1796 1238 1862 id
1259 1797 1372 1880 quoda
1386 1797 1526 1862 Platonis
1548 1799 1701 1864 sententia
1720 1799 1873 1878 ebionei,
1894 1798 2060 1864 secundum

300 1935 393 2004 quam
413 1919 517 2002 potius
539 1913 643 1985 οὐδενὶ
658 1911 841 2002 &abactis
862 1913 919 1992 eat,
941 1912 1005 1992 eod,
1026 1915 1064 1978 ut
1083 1914 1182 1998 ipsius
1200 1915 1373 2000 Spengeli
1394 1916 1496 1982 verbis
1512 1917 1592 1993 utar,
1612 1916 1646 1981 in
1666 1919 1760 1984 tertio
1782 1935 1875 1984 censu
1894 1917 2059 1984 voluntarii

299 2058 405 2106 omnes
428 2038 543 2114 ferunt,
566 2037 620 2119 qui
641 2054 677 2100 ex
698 2034 806 2116 quarto
829 2034 910 2098 sunt.

466 2156 555 2237 Quod
579 2172 669 2239 porro
693 2153 785 2238 paulo
813 2155 884 2236 post
909 2152 930 2216 l.
951 2153 992 2218 22
1014 2172 1080 2236 sqq.
1108 2156 1279 2221 sententiae
1305 2155 1348 2233 ὡς
1368 2153 1427 2242 μὲν
1452 2147 1513 2224 οὖν
1538 2156 1601 2224 οὐκ
1626 2157 1664 2224 ἐκ
1683 2153 1901 2242 δημοκρατίαι
1922 2154 1980 2224 καὶ
1999 2186 2056 2242 μο-

298 2277 438 2366 ναρχίας
458 2283 510 2345 δεῖ
528 2273 721 2344 συνιστάναι
744 2271 953 2358 (συνεστάναι
976 2271 1059 2337 Guil.
1078 2273 1120 2337 P¹
1139 2292 1172 2338 ro
1193 2274 1246 2358 P')
1267 2271 1324 2358 τὴν
1346 2275 1494 2357 τοιαύτην
1515 2274 1689 2355 πολιτείαν,
1718 2276 1755 2342 ἔτι
1776 2277 1896 2342 τούτων
1918 2275 2058 2360 φανεράν

299 2399 353 2482 qui
372 2415 466 2462 nexus
487 2395 530 2461 sit
551 2413 622 2459 cnm
641 2391 795 2478 prioribus
822 2391 1002 2474 intellegere
1028 2409 1088 2457 non
1113 2393 1217 2476 potuit
1238 2392 1508 2479 Spengeliusfl)
1534 2393 1748 2459 infelicissime
1776 2391 1961 2482 μοναρχίας
1989 2392 2056 2460 loco

297 2517 493 2607 ὀλιγαρχίας
513 2514 643 2580 fortasse
663 2509 869 2594 reponendum
891 2527 959 2574 esse
978 2511 1081 2589 retus,
1107 2528 1293 2594 quamquam
1314 2530 1351 2577 ex
1373 2513 1524 2578 contremo
1545 2513 1656 2597 politia
1676 2513 1841 2578 Aristoteli
1867 2514 1929 2597 ipsi
1953 2531 2058 2598 reapse

298 2640 345 2705 ost
367 2635 552 2721 oligarehiee
574 2634 606 2697 et
627 2628 832 2696 democretius
852 2629 1045 2713 compositio,
1064 2631 1122 2694 boc
1140 2629 1276 2713 prolecto
1292 2631 1358 2695 sine
1379 2631 1556 2716 philosophi
1577 2633 1666 2716 calpa
1685 2631 1802 2697 factum
1823 2633 1880 2697 est
1922 2631 1953 2696 Is
1974 2633 2056 2697 onim

298 2759 388 2824 claris
418 2754 519 2821 verbis
551 2753 630 2818 dixit
656 2754 678 2819 l.
701 2751 717 2814 1
746 2765 812 2832 sqq.
836 2747 880 2826 ῶς
900 2747 973 2816 δίον
994 2757 1194 2837 συγκεῖσθαι
1217 2747 1273 2834 τὴν
1296 2750 1431 2837 οἷρίστην
1450 2748 1608 2819 πολιτείαν
1630 2752 1667 2820 ἐκ
1689 2749 1905 2840 δημοκρατίας
1926 2751 1984 2820 καί
2005 2779 2055 2820 τα·

296 2877 461 2967 paccione,
491 2863 537 2950 άς
559 2865 579 2954 ἢ
604 2870 643 2940 τά
667 2873 853 2960 παράπαν
881 2870 964 2939 οὐκ
981 2862 1030 2938 άν
1050 2871 1136 2953 ἓτείη
1159 2895 1213 2947 τις
1235 2861 1477 2952 πολιτείαςῆ
1502 2869 1715 2956 χειρίστας
1741 2872 1890 2939 πασῶν·
1933 2869 2055 2957 βέλτιον

296 2991 356 3066 οὖν
383 2996 537 3082 λέγουσιν
566 2993 596 3058 οἱ
620 2991 745 3070 πλείους
775 2991 947 3079 μιγνύντες
971 2991 1003 3054 et
1027 2987 1135 3054 deinde
1160 2989 1323 3054 Platonem
1355 2989 1459 3072 ipsum
1486 2987 1796 3055 demonstravitum
1831 2989 1969 3073 potuisse
1996 3007 2055 3054 non

296 3116 401 3182 contra
422 3110 608 3177 sententiam
629 3110 717 3175 illem
738 3111 800 3176 sibi
820 3109 1010 3194 propositam
1034 3108 1160 3191 inipso
1186 3095 1321 3172 mixtura
1345 3106 1528 3191 perficienda
1551 3107 1745 3192 tyrannidem
1768 3126 1892 3193 prorsus
1918 3111 2053 3194 praetor·

294 3234 420 3302 mittere
442 3247 518 3312 eque
539 3229 707 3312 oligarohia
732 3229 836 3314 potius
864 3229 895 3293 et
918 3226 1104 3292 democratia
1124 3227 1224 3292 totam
1244 3227 1439 3292 constituere.
1483 3225 1544 3307 Qui
1570 3228 1675 3294 autem
1697 3228 1800 3311 plnres
1830 3227 1926 3294 etiam
1952 3228 2054 3312 reipu-

294 3353 395 3420 blicae
415 3351 528 3415 formas
550 3349 690 3427 miscam,
710 3349 744 3413 id
765 3349 813 3414 est
829 3347 1038 3432 oligarchiam,
1060 3344 1288 3424 democratiam,
1308 3345 1549 3425 aristocratiam,
1577 3365 1638 3412 non
1664 3347 1808 3431 politiam
1830 3346 1979 3426 condam,
2002 3347 2056 3412 sed

294 3473 427 3537 formam
447 3469 616 3546 meliorem,
638 3467 863 3534 aristocratiam
881 3467 1001 3532 scilicet
1021 3483 1082 3530 non
1101 3463 1226 3547 quidem
1246 3483 1354 3548 puram
1372 3466 1460 3530 illam
1481 3468 1512 3532 et
1532 3465 1691 3550 optimam,
1713 3483 1790 3549 quaa
1808 3463 1903 3534 simul
1917 3467 2055 3532 omnium

295 3589 420 3654 omnino
439 3586 624 3671 reipublicae
645 3587 904 3652 administrandae
924 3586 1080 3650 rationum
1102 3585 1219 3668 optima
1238 3587 1295 3662 est,
1317 3586 1351 3649 at
1372 3587 1455 3651 certe
1475 3586 1606 3650 mixtam
1627 3586 1659 3650 et
1680 3585 1899 3652 secundariam

461 3705 574 3771 Oontm
602 3725 637 3770 sa
663 3708 697 3771 in
723 3705 874 3789 septimi
899 3699 1009 3788 cepitis
1037 3703 1138 3769 verbis
1167 3703 1281 3781 lotoe,
1308 3703 1349 3767 39
1370 3701 1419 3772 διὸ
1441 3703 1565 3782 Φαλέας
1589 3703 1606 3770 ὁ
1628 3706 1849 3788 Χαλκηδόνιος
1870 3706 1950 3773 τοῦτ’
1973 3705 2052 3786 εἰσή-

293 3855 390 3916 νεγκε
412 3826 531 3912 πρῶτος
551 3826 654 3890 neseio
676 3843 715 3890 an
735 3827 817 3890 recte
840 3824 1055 3909 Spengelius
1068 3825 1109 3908 66)
1128 3823 1303 3907 probaverit
1324 3821 1406 3906 quod
1431 3822 1549 3906 primus
1565 3821 1651 3888 dedit
1664 3823 1811 3888 Aretinm
1833 3825 1989 3910 πρῶτον,
2014 3825 2051 3888 cf.

213 3989 225 4016 ι
294 3947 420 4025 12661),
442 3946 481 4009 14
503 3963 568 4027 sqq.
613 3945 746 4009 lltiamsi
767 3946 850 4010 enim
872 3942 1023 4010 Guilelmi
1041 3942 1248 4024 librorumque
1270 3942 1433 4007 lectionem
1458 3941 1504 4006 ita
1525 3941 1655 4006 forsitan
1673 3941 1832 4008 defendere
1854 3943 1995 4020 velimus,
2016 3945 2053 4006 ut

291 4067 440 4130 Phaleam
470 4082 531 4129 non
554 4062 590 4126 de
619 4061 707 4126 finita
734 4062 788 4128 sed
810 4063 846 4128 de
868 4062 1009 4128 absoluta
1029 4062 1178 4128 bonorum
1198 4061 1384 4143 aequalitate
1412 4061 1548 4145 primum
1569 4061 1722 4144 cogitasse
1744 4079 1917 4138 sumemus,
1948 4063 2052 4126 tamen

291 4203 352 4249 non
375 4185 476 4250 solum
497 4184 684 4249 Aristoteles
704 4183 763 4247 hoc
790 4184 818 4247 si
838 4183 938 4248 voluit
958 4182 1082 4246 disertis
1103 4180 1204 4246 verbis
1226 4179 1326 4245 dicere
1348 4180 1468 4258 debuit,
1499 4180 1552 4244 sed
1574 4181 1682 4258 etiam,
1708 4183 1744 4246 ut
1765 4180 1877 4246 addam
1898 4198 1974 4264 quae
1996 4198 2050 4245 suo

290 4305 357 4367 iuro
386 4302 493 4366 afferre
520 4301 623 4385 potuit
643 4300 873 4385 Spengelins‚
902 4301 1024 4386 πρῶτον
1053 4318 1087 4363 eo
1114 4317 1205 4364 sensu
1232 4301 1427 4382 usurpatum,
1463 4299 1499 4362 ut
1525 4298 1584 4362 hoo
1607 4298 1806 4382 potissimum
1831 4297 2050 4365 Chalcedonius

291 4420 500 4506 exagitaverit,
522 4418 635 4482 melius
657 4417 798 4483 convenit
818 4418 879 4482 toti
900 4417 1000 4482 ordini
1021 4419 1252 4484 sententiarum.
1297 4418 1348 4484 Sic
1376 4419 1459 4484 enim
1486 4437 1592 4484 revera
1613 4419 1665 4484 hic
1684 4437 1763 4484 unus
1787 4437 1892 4486 eorum
1913 4421 1976 4497 est,
1999 4420 2055 4501 qni

289 4539 352 4608 άπὸ
385 4539 447 4606 τῶν
477 4535 671 4624 ἀναγκαίων
702 4528 900 4623 άρχονται
926 4538 1053 4622 μᾶλλον
1075 4537 1109 4621 (l.
1133 4538 1187 4623 36)
1210 4538 1241 4600 ei
1267 4537 1377 4621 quibus
1397 4537 1586 4626 ἀναγκαῖον
1615 4536 1673 4623 (sic
1698 4537 1781 4603 enim
1803 4557 1873 4604 dum
1894 4537 2050 4604 Guilelmo

289 4659 320 4724 ct
336 4659 377 4723 P¹
399 4657 593 4722 scribendum
614 4658 676 4732 est,
708 4656 802 4721 ceteri
831 4655 949 4722 codices
971 4675 1079 4724 vocem
1097 4657 1258 4741 omittrmt)
1283 4655 1439 4746 μέγιστον
1467 4672 1533 4720 esse
1558 4653 1679 4722 videtur
1706 4655 1740 4725 ιλ
1769 4653 1835 4743 περὶ
1857 4655 1914 4735 τὰς
1935 4655 2050 4736 οὐσίας

503 4850 705 4863 Ἣ-

457 4960 502 5024 ee)
519 4958 550 5010 1,.
568 4960 585 5009 ι.
604 4977 628 5025 p.
651 4964 681 5010 ra
700 4958 769 5027 (cs).

458 5053 505 5120 54)
521 5053 553 5104 L.
572 5053 632 5120 lp.
653 5059 683 5105 le
702 5052 762 5122 (65)
780 5070 816 5120 sq.

454 5148 499 5214 νο)
518 5147 550 5198 L.
567 5147 585 5198 1.
604 5165 629 5214 p.
651 5153 681 5199 ιι
700 5148 771 5216 (ss).
