4670 5824
1101 311 1355 388 ..1ss-

319 535 325 552 '
347 548 463 626 nonum
481 529 656 606 tractatam,
675 530 808 594 alterum
828 528 933 592 antem
952 527 1128 594 membrum
1149 527 1316 591 transitum
1338 529 1459 590 struens
1480 525 1519 590 ad
1540 541 1651 590 noram
1673 524 1892 608 disputationis
1910 524 2030 606 partem
2051 540 2113 586 non

347 652 484 734 proxime
511 667 591 714 nunc
616 665 745 730 sequana
775 642 857 714 ἔοικε
887 645 922 714 di
950 646 990 714 οὐ
1015 648 1076 714 νῦν
1106 644 1180 714 otti
1206 643 1320 715 νεωστὶ
1357 645 1438 712 τοῦτ’
1466 639 1548 712 εἶναι
1580 645 1746 732 γνώριμον
1771 653 1837 722 τοῖς
1863 639 1931 728 περὶ
1956 643 2112 716 πολιτείαις

347 772 595 856 φιλοσοφοῦσιν,
615 764 663 835 ὅτι
686 774 738 836 δεῖ
753 768 924 853 διῃρῆσθαι
946 763 1046 851 χωρὶς
1074 765 1161 832 κατὰ
1183 767 1261 852 γένη
1283 763 1340 845 τὴν
1361 763 1452 830 πόλιν
1473 763 1529 832 mi
1553 765 1588 832 τό
1610 794 1642 831 ra
1661 764 1813 850 μάχιμοη
1833 759 1937 848 ἕτερον
1959 755 2038 828 εἶναι
2054 760 2110 826 καὶ

347 889 382 958 τὸ
415 891 585 978 γεωργοῦν
611 917 643 956 a.
666 913 691 953 τ.
714 896 743 952 l.
772 888 811 969 (a,
834 885 876 948 40
899 887 994 970 sqq),
1023 883 1244 968 quamvisper
1273 901 1306 946 se
1337 883 1509 966 spectatum
1536 884 1656 968 praeter
1673 881 1897 946 claudicantem
1927 881 2112 946 structuram

346 1011 572 1094 postremorum
582 1006 743 1071 vorborum
757 1006 792 1072 ἐν
807 1005 954 1092 Αἰγύπτῳ
977 1033 1008 1070 τε
1031 1004 1099 1091 γὰρ
1122 997 1187 1086 ἔχει
1208 1003 1320 1070 τοῦτον
1342 1001 1397 1068 τὸν
1418 1002 1533 1087 τρόπον
1554 997 1597 1068 ἔτι
1620 999 1676 1068 καὶ
1698 1003 1760 1068 νιῖν
1782 1002 1821 1068 τά
1842 1031 1874 1070 τε
1899 999 1964 1086 περὶ
1987 1000 2109 1086 Κρήτην

348 1157 379 1197 τι.
402 1157 427 1196 τ.
450 1139 478 1194 λ.
497 1124 573 1212 Ι(112
588 1129 666 1212 sqq.)
688 1124 768 1188 1111111
789 1123 917 1198 habeat,
942 1122 1052 1206 inquo
1074 1124 1272 1197 haereamus,
1295 1119 1349 1185 sed
1371 1119 1437 1206 περὶ
1460 1119 1494 1190 db
1516 1123 1569 1202 τῆς
1591 1121 1746 1203 διανομῆς
1767 1119 1823 1188 καὶ
1845 1123 1908 1188 τῶν
1929 1117 2110 1208 γεωργούν-

348 1275 421 1332 των,
443 1247 531 1323 τίνας
552 1243 608 1312 καὶ
630 1243 738 1318 ποίους
758 1235 839 1308 εἶναι
862 1243 937 1328 χρή,
959 1245 1086 1310 λεκτέον
1108 1243 1230 1327 πρῶτον
1252 1273 1283 1308 κ.
1295 1271 1319 1308 τ.
1332 1252 1372 1314 λι,
1395 1241 1424 1318 b,
1439 1240 1480 1304 39
1492 1257 1568 1321 sqq„
1592 1239 1670 1304 011111
1690 1240 1785 1305 fuisse
1806 1242 1841 1304 111
1855 1257 1985 1315 sumam,
2006 1237 2111 1302 1110111

347 1385 397 1432 me
418 1366 516 1430 altera
535 1364 592 1430 illa
614 1379 753 1428 summae
773 1377 877 1423 rerum
899 1362 1053 1445 repetitio,
1075 1379 1152 1443 quae
1174 1379 1254 1426 nune
1273 1361 1323 1424 bis
1342 1361 1419 1443 ipsis
1442 1359 1544 1424 verbis
1565 1359 1703 1442 proxime
1717 1359 1886 1443 praemissa
1907 1359 1964 1435 est,
1984 1352 2030 1424 ὅιι
2050 1353 2109 1441 μὲν

347 1476 407 1552 ode
430 1491 481 1552 δεῖ
498 1483 554 1565 τὴν
575 1481 689 1566 χώραν
711 1474 792 1546 εἶναι
815 1481 877 1544 τῶν
904 1474 989 1546 dala
1010 1481 1212 1566 κεκτημένων
1233 1478 1291 1548 καὶ
1314 1481 1377 1547 τῶν
1397 1481 1452 1558 τῆς
1471 1478 1627 1556 πολιτείας
1647 1480 1865 1564 μετεχόντων,
1895 1473 2009 1564 εἴρηται
2038 1475 2109 1560 πρό-

347 1631 448 1689 τερον,
466 1599 523 1669 καὶ
546 1600 622 1668 διότι
645 1598 719 1674 τοὺς
740 1599 968 1683 γεωργοῦντας
989 1600 1099 1667 αὐτῶν
1126 1602 1250 1684 ἑτέρους
1272 1593 1353 1666 εἶναι
1372 1605 1431 1676 δεῖ,
1452 1595 1509 1666 aedri
1532 1597 1636 1678 πόσην
1658 1597 1729 1666 τινὰ
1751 1597 1815 1685 χρὴ
1837 1597 1894 1667 καὶ
1916 1601 2010 1666 ποίαν
2029 1589 2107 1662 εἶναι

347 1724 404 1804 τὴν
424 1721 549 1806 χώραν,
570 1720 600 1797 1,
622 1719 697 1784 31·
707 1717 758 1793 39,
779 1717 816 1780 ut
837 1734 913 1798 quae
935 1721 1040 1802 aperte
1062 1717 1171 1801 prodat
1192 1718 1422 1802 interpolatoris
1442 1735 1569 1782 manum
1589 1717 1703 1800 partim
1724 1718 1795 1782 aliis
1809 1719 1910 1784 verbis
1923 1735 2000 1799 quae
2015 1716 2109 1780 etiam

347 1843 381 1906 in
401 1840 502 1924 priore
522 1838 579 1902 illa
601 1837 684 1902 dicta
705 1837 777 1902 sunt
803 1836 945 1900 iterantis
966 1837 1081 1920 partim
1108 1855 1249 1920 perverse
1273 1835 1475 1920 regredientis
1502 1835 1541 1900 ad
1568 1837 1687 1920 partem
1708 1855 1810 1902 rerum
1837 1837 1902 1902 iam
1927 1837 1998 1901 ante
2020 1835 2110 1916 eaput

346 1979 461 2026 nonum
482 1957 707 2033 absolutarum,
735 1957 879 2020 naturam
904 1957 937 2021 ot
964 1955 1211 2040 magnitudinem
1241 1955 1356 2032 terrae,
1386 1955 1458 2036 quia
1484 1955 1680 2020 hauddubie
1706 1957 1781 2022 haec
1807 1975 1878 2040 pars
1906 1955 1945 2020 ad
1967 1971 2109 2038 agrorum

346 2078 598 2146 distributionem
620 2075 652 2138 et
672 2073 833 2158 agmoolas,
855 2075 936 2156 qnod
958 2077 1174 2160 argumentum
1190 2093 1256 2142 esse
1276 2073 1415 2158 proxime
1431 2091 1561 2156 sequens
1584 2093 1675 2160 snpra
1696 2075 1769 2152 diri,
1791 2075 1944 2157 attingere
1961 2071 2108 2157 quodam-

347 2199 438 2266 modo
464 2197 493 2262 ei
515 2195 691 2270 videbatur,
714 2210 899 2276 quamquam
921 2212 1027 2277 reapse
1048 2213 1087 2260 ne
1107 2195 1240 2260 minima
1262 2193 1386 2276 quidem
1405 2195 1552 2260 societate
1574 2195 1672 2260 altera
1691 2212 1740 2258 res
1760 2213 1831 2260 eum
1851 2195 1949 2259 altera
1970 2194 2018 2258 est
2037 2210 2109 2256 eon·

347 2320 465 2394 iuncta,
493 2331 590 2396 neque
612 2311 901 2390 animadvertentis,
933 2331 1025 2395 qnam
1047 2313 1178 2378 absurda
1204 2313 1247 2378 sit
1273 2329 1352 2376 nova
1380 2314 1645 2396 anacephalaeosis
1666 2316 1714 2398 (ut
1735 2314 1850 2380 Graeco
1872 2313 2018 2380 vocabulo
2040 2313 2110 2378 ntar

348 2437 471 2520 propter
494 2434 664 2516 egestatem
684 2429 808 2514 linguae
821 2431 961 2517 Latinae)
983 2434 1073 2498 antea
1092 2434 1215 2500 tantum
1231 2433 1314 2498 dicta
1328 2432 1535 2516 complectens
1549 2433 1601 2519 (ci.
1616 2428 1733 2519 εἴρηται
1757 2433 1829 2518 πρό
1839 2436 1966 2520 τερον)
1988 2450 2109 2496 eornm-

348 2576 421 2640 qne,
451 2572 528 2639 qnae
548 2555 620 2636 post
638 2551 772 2636 priorem
793 2549 909 2614 inserta
930 2553 1017 2628 aunt,
1045 2570 1101 2618 nee
1128 2553 1233 2618 robur
1252 2553 1412 2618 annuens
1440 2569 1496 2616 nee
1529 2552 1711 2636 vestigium,
1742 2551 1814 2634 quia
1835 2551 1983 2616 nimirum
2003 2567 2110 2614 eornm

243 2681 249 2693 '
348 2676 563 2762 argumentum
581 2671 696 2756 partim
717 2669 751 2734 in
774 2669 881 2734 eadem
902 2670 1032 2736 materia
1065 2690 1136 2736 cnm
1162 2671 1412 2738 antecedentibus
1436 2671 1526 2738 rebus
1553 2673 1684 2756 partim,
1713 2669 1812 2752 quoad
1833 2669 1961 2754 spsaitia
1981 2670 2109 2752 spectat,

347 2797 411 2860 iarn
430 2796 464 2859 in
487 2791 594 2858 eadem
616 2809 686 2856 cnm
708 2790 905 2872 sequentibus
927 2793 1075 2870 versatur,
1096 2793 1252 2876 propriam
1273 2810 1345 2858 vero
1367 2790 1485 2856 nullam
1509 2789 1611 2856 habet
1656 2790 1774 2856 Deinde
1794 2807 1854 2854 uno
1876 2788 1988 2872 spiritu
2008 2787 2109 2852 dicere

348 2914 453 2981 omnia
472 2911 619 2978 instituta
644 2909 767 2994 publica
795 2907 911 2974 dudum
946 2909 1071 2974 miliens
1096 2927 1163 2975 esse
1187 2911 1313 2978 inventa
1332 2911 1374 2996 (b,
1398 2909 1536 2996 25-33)
1558 2911 1590 2974 et
1610 2909 1782 2994 legislatori
1802 2926 1896 2984 nova,
1925 2925 2002 2990 quae
2031 2923 2109 2970 non-

345 3036 420 3100 dum
437 3031 563 3097 inventa
585 3029 650 3092 sint
671 3026 725 3112 (τὰ
745 3030 1052 3114 παραλελειμμένα),
1080 3030 1263 3096 invenienda
1292 3029 1505 3096 commendare
1533 3029 1576 3115 (b,
1599 3029 1736 3113 rra-35)
1757 3045 1809 3092 me
1829 3026 1929 3092 iudice
1948 3024 2109 3090 insulsitas

344 3157 393 3219 est
414 3167 536 3218 summo
558 3145 741 3232 philosopho
763 3145 853 3228 plane
874 3145 1058 3234 indignass).
1102 3150 1242 3232 Denique
1262 3148 1364 3233 prima
1382 3147 1492 3231 eapitis
1515 3149 1607 3214 rerba
1625 3149 1672 3214 ita
1691 3147 1867 3228 comparata
1889 3163 1965 3222 esse,
1995 3146 2031 3208 ut
2051 3162 2109 3227 pro

346 3275 437 3340 initio
457 3273 582 3336 tantum
602 3265 751 3349 longioris
773 3265 973 3349 expositionis
995 3269 1108 3349 queant
1129 3267 1235 3332 baberi
1255 3267 1385 3349 ideoque
1406 3285 1466 3332 non
1488 3267 1608 3350 possint
1628 3268 1691 3334 nisi
1711 3285 1773 3332 nna
1786 3283 1857 3330 cnm
1876 3266 1906 3343 b,
1921 3265 1972 3330 25.
1987 3271 2109 3348 σχεδον

349 3431 389 3442 -
410 3395 461 3456 30.
483 3387 614 3464 samari,
641 3386 724 3451 reete
745 3386 906 3449 seneemnt
928 3385 1024 3450 etiam
1046 3385 1270 3454 Chandlerus
1298 3387 1580 3470 Boiesennsqua
1623 3387 1685 3452 Rea
1707 3386 1812 3450 autam
1832 3385 1870 3450 ab
1891 3383 2110 3468 interpolatore

349 3511 488 3576 narmtae
511 3525 564 3572 our
589 3506 628 3570 ab
647 3503 816 3570 Aristotele
837 3504 903 3568 solo
926 3505 1012 3583 sciri,
1036 3521 1055 3569 a
1075 3506 1286 3590 peripateticis
1308 3507 1546 3589 antiquioribus,
1576 3525 1706 3591 quorum
1732 3505 1787 3568 nni
1815 3522 1870 3588 ego
1898 3503 1975 3568 haee
2004 3503 2110 3569 omnia

349 3629 467 3702 tribuo,
486 3625 600 3690 nesciri
620 3623 790 3708 potuerint,
814 3640 869 3705 ege
892 3624 973 3688 certe
994 3641 1056 3688 non
1074 3623 1231 3708 intellego.
1274 3625 1357 3689 Auro
1379 3644 1430 3690 eas
1450 3627 1646 3709 pretiosiores
1669 3641 1735 3690 esse
1756 3623 1887 3688 libenter
1909 3621 2108 3708 Spengelio

350 3746 499 3824 enneade,
529 3756 627 3826 neque
647 3743 675 3808 is
696 3761 780 3819 snm,
809 3742 863 3824 qni
882 3743 1032 3825 gratiam,
1058 3761 1151 3825 quam
1173 3744 1262 3810 docto
1284 3744 1335 3808 illi
1363 3745 1575 3829 interpolatori
1597 3743 1742 3810 debemus
1763 3743 1910 3826 qnantum
1929 3742 2109 3820 maximam,

350 3867 509 3934 detrahere
531 3864 561 3928 ei
588 3861 700 3937 aelim,
729 3862 763 3925 at
784 3877 893 3926 aureae
914 3864 986 3926 sunt
1008 3864 1066 3926 hae
1085 3881 1134 3928 res
1161 3863 1323 3943 historico,
1351 3866 1522 3944 noenta,
1552 3865 1606 3949 qui
1622 3865 1671 3929 -de
1695 3862 1851 3946 republica
1876 3861 2111 3946 philosophatur

350 3988 467 4072 optime
488 3981 672 4058 ordinanda,
691 3981 720 4044 si
740 3996 794 4064 pro
816 3999 887 4044 vero
909 3980 1007 4046 animi
1027 3983 1215 4048 nutrimento
1236 3985 1295 4049 hoe
1316 3985 1377 4050 sibi
1399 4003 1508 4050 aurum
1528 3986 1683 4066 anquirere
1704 3982 1798 4060 uelit,
1820 3998 1925 4046 vereor
1945 3999 1984 4044 ne
2004 3979 2110 4044 Midae

350 4106 436 4172 illios
457 4103 556 4168 instar
577 4103 625 4187 (nt
644 4100 870 4184 comparatione
890 4100 960 4164 utar
982 4100 1108 4185 abipso
1130 4102 1299 4167 Anatetele
1320 4103 1345 4182 1,
1368 4104 1397 4167 9.
1421 4101 1537 4178 12571),
1566 4103 1606 4166 15
1628 4120 1693 4184 sqq.
1715 4100 1866 4186 adhibita)
1890 4116 1925 4165 eo
1951 4099 2109 4165 abundans

350 4226 430 4290 fame
451 4223 564 4308 pareat
594 4220 675 4302 Quid
697 4221 780 4285 enim
800 4218 839 4283 ed
853 4219 932 4284 hane
945 4237 1011 4284 rem
1031 4220 1166 4304 pertinet
1186 4239 1298 4286 nomen
1318 4221 1429 4288 Italiae
1444 4223 1483 4287 ab
1500 4222 1579 4286 ltalo
1595 4239 1665 4305 rege
1681 4219 1888 4296 derivandum,
1911 4217 1985 4301 quid
1997 4217 2109 4282 Italiae

345 4331 492 4418 latitudo,
524 4338 597 4422 quid
626 4339 792 4422 Opieorum
820 4337 908 4401 aedes
938 4342 970 4402 et
991 4337 1146 4417 Chonnm,
1178 4340 1252 4422 qnid
1274 4341 1413 4406 Chonnm
1434 4359 1505 4406 cnm
1532 4339 1705 4417 Oenotriis,
1735 4341 1789 4423 qni
1808 4340 1917 4422 postea
1942 4337 2015 4402 Itali
2042 4337 2110 4400 sint

350 4457 508 4545 appellati,
529 4456 745 4522 necessitudo?
766 4457 900 4521 Possunt
922 4456 1046 4539 quidem
1075 4458 1185 4523 borum
1207 4461 1418 4544 scrupulorum
1441 4459 1619 4544 gavissimi
1640 4457 1798 4524 demedio
1818 4459 1889 4524 tolli
1910 4456 2011 4521 verbis
2029 4455 2109 4519 solis

517 4783 565 4850 ta)
583 4783 689 4833 Frustra
710 4783 775 4833 enim
800 4783 988 4836 Boiaaenna
1011 4783 1029 4836 1.
1048 4785 1065 4836 1.
1086 4802 1111 4852 p.
1131 4791 1162 4839 tl
1183 4803 1220 4854 aq.
1242 4781 1275 4842 ad
1294 4781 1419 4856 ιῖρημένο
1437 4788 1520 4854 petina
1546 4787 1578 4836 ad
1597 4793 1672 4838 antea
1689 4785 1721 4835 ab
1745 4783 1884 4835 Aristotele
1908 4783 1976 4833 dicte
1993 4791 2108 4847 spectare

351 4879 444 4932 censet,
455 4866 488 4924 τοὶ
507 4865 741 4936 παραλελειμμένα
760 4869 791 4918 ad
803 4877 891 4934 postea
910 4869 942 4920 ab
959 4885 990 4920 ec
1007 4876 1183 4938 proponenda:
1203 4891 1251 4939 ego
1269 4883 1335 4925 eante
1352 4889 1403 4925 non
1422 4889 1552 4940 araeqmr,
1570 4874 1630 4938 quid
1649 4874 1685 4923 sie
1703 4871 1751 4922 sibi
1769 4863 1898 4928 111111δώ,
1917 4877 1944 4918 et
1960 4863 1992 4920 τοὶ
2010 4886 2107 4934 παρα-

352 4956 509 5024 λελειμμένα
527 4955 610 5005 verbis
628 4967 733 5018 nsquam
758 4955 825 5019 apud
844 4955 1004 5008 Aristotelem
1023 4958 1059 5006 ale
1077 4960 1143 5010 unde
1160 4975 1208 5020 „aa
1225 4975 1290 5024 quoa
1308 4966 1443 5010 aecnnrnr‘
1461 4961 1596 5025 significari
1621 4957 1760 5025 praefracte
1783 4958 1935 5022 negaverim.
1970 4953 2067 5006 eonas
2085 4957 2108 5005 si

352 5061 408 5096 enm
431 5043 589 5094 Lambiao
611 5035 800 5108 εὑρημένοις
823 5058 869 5107 pro
895 5035 1040 5112 εἰρημένοις
1059 5045 1207 5101 οοτίοοιοοο,
1225 5046 1257 5094 ad
1276 5039 1318 5097 dni
1333 5048 1387 5098 τοῖς
1403 5045 1453 5112 μὲν
1470 5041 1623 5114 nipparena
1641 5039 1735 5098 ι’νοινιῖιτ
1752 5041 1874 5112 χρῆσθαι
1891 5043 1979 5094 saltem
1998 5041 2111 5106 quadrat

351 5126 484 5188 ded-illud,
502 5141 654 5193 quamquam
673 5137 762 5186 cetera,
780 5129 915 5178 1111111κί
933 5134 983 5180 iem
1001 5133 1027 5181 in
1045 5132 1139 5181 Putlot
1157 5131 1244 5182 XXV.
1262 5148 1287 5198 p.
1308 5137 1358 5182 899
1378 5149 1424 5198 sq,
1449 5134 1488 5184 vol
1508 5134 1615 5184 maxime
1633 5133 1743 5182 absurda
1760 5139 1826 5182 sant.
1861 5130 1936 5181 Nunc
1953 5135 2037 5178 tamen
2055 5141 2111 5178 non

339 5219 403 5276 aient
420 5225 482 5264 tunc
501 5214 567 5262 bane
585 5214 617 5260 ob
637 5229 689 5262 rem
707 5213 823 5263 lacunam
843 5213 950 5265 sor-taam
968 5224 1026 5266 ante
1044 5211 1086 5269 διὸ
1105 5218 1263 5268 statuendam
1283 5233 1337 5268 esse
1355 5215 1511 5273 crediderim.
