4610 5840
962 331 1217 402 ...ll-

207 564 241 612 so
263 546 405 630 geringer
425 543 517 609 Tbeil
537 542 735 621 zulrommen,
766 542 824 606 uie
846 559 878 606 er
903 542 958 606 ibn
979 541 1076 607 selbst
1095 559 1155 609 uon
1175 541 1228 606 der
1250 541 1480 608 Gesemmtzabl
1501 540 1888 626 strangulauerunt,
1914 549 1962 614 in·

208 665 280 730 dern
303 681 376 730 nunu
401 662 507 728 diesen
531 660 693 726 Ausdruolr
715 661 749 726 iu
776 659 912 724 solohern
940 658 1033 725 Sinne
1055 659 1110 724 euf
1134 659 1219 724 disee
1238 658 1344 726 Weiss
1371 679 1430 725 nur
1449 679 1509 725 von
1530 661 1631 726 einorn
1647 662 1739 745 jelon
1759 664 1813 731 der
1833 669 1962 734 teusend

206 783 326 868 Burger
353 781 426 848 oder
445 799 500 847 aus
536 781 595 846 uie
625 780 728 846 uiolen
755 781 842 844 sonet
866 777 920 844 der
939 779 1027 844 Stant
1054 778 1196 857 bosleni,
1217 778 1437 865 gleiobmtssig
1459 780 1650 864 gebreuoben
1671 781 1764 862 kann
1794 787 1856 850 und
1884 789 1962 854 anob

205 901 260 968 das
279 920 337 966 nur
356 899 441 987 (weil
460 901 511 966 ein
536 898 623 985 Jeeler
652 899 686 984 js
706 898 968 982 moglioberueise
989 897 1133 963 uirklieh
1155 916 1247 962 unser
1267 899 1361 963 nahor
1381 899 1662 966 Blutsuerwandter
1682 903 1749 968 sein
1769 903 1865 982 kann,
1886 905 1962 971 mit-

206 1021 260 1086 bin
278 1023 348 1106 nur)
369 1019 536 1098 nueilelntb
556 1019 662 1085 iudom
681 1038 714 1084 es
726 1020 761 1104 je
780 1017 934 1102 ungewiss
956 1017 1011 1094 ist,
1033 1036 1113 1082 uem
1133 1017 1302 1101 uberhaupt
1322 1018 1372 1082 ein
1396 1017 1477 1083 Sotn
1502 1019 1636 1103 geboren
1660 1021 1763 1087 uude
1782 1022 1853 1102 und,
1875 1043 1962 1090 uenn

204 1139 345 1224 gebenn,
367 1158 420 1206 em
440 1138 542 1205 beben
561 1139 675 1205 blieb.“
717 1139 812 1203 Recte
833 1137 930 1221 igitur
950 1135 1030 1202 uidit
1056 1135 1288 1221 Thurotus⁸⁸)
1309 1136 1342 1200 in
1355 1137 1452 1202 telem
1474 1137 1679 1222 cogitatuum
1701 1141 1812 1206 seriem
1832 1143 1962 1210 minime

205 1259 352 1345 quadrare
372 1258 512 1326 oodieum
528 1257 608 1324 illud
627 1251 647 1342 ἢ
668 1259 726 1326 τοῦ
755 1264 873 1342 δεῖνος,
893 1275 949 1321 ιιοο
969 1255 1106 1338 quadrat,
1127 1256 1155 1320 si
1173 1256 1339 1322 lectionem
1359 1275 1378 1320 a
1399 1257 1554 1323 Guilelmo
1576 1258 1804 1344 suppeditatum
1823 1263 1961 1346 alioquin

204 1380 366 1447 meliorem
386 1379 577 1462 arripiamus,
598 1377 736 1443 eiusdem
755 1376 925 1442 sententiae
946 1375 1192 1442 eddibmentum
1212 1369 1231 1460 ἢ
1255 1377 1349 1446 τοῦδ.
1393 1376 1475 1442 Nem
1496 1371 1575 1464 οἷον,
1598 1395 1675 1461 queo
1696 1379 1745 1444 est
1759 1380 1849 1446 huius
1871 1401 1961 1448 voee-

205 1499 271 1566 buli
292 1499 349 1577 uis,
371 1499 490 1564 nullam
506 1499 610 1582 potest
629 1496 791 1561 instituere
816 1465 969 1562 enuntiati
988 1495 1108 1579 partem
1129 1497 1192 1561 nisi
1213 1515 1290 1580 quae
1310 1499 1401 1562 antee
1415 1496 1497 1561 dieta
1518 1499 1572 1562 aut
1594 1497 1741 1582 exemplis
1758 1499 1894 1566 illustret
1907 1505 1961 1568 aut

204 1618 267 1684 alie
287 1619 407 1684 ratione
427 1617 599 1692 noometiue
620 1614 771 1700 explicet:
792 1613 832 1679 ed
852 1613 941 1698 plene
963 1632 1057 1680 noves
1078 1633 1136 1694 ree,
1167 1615 1205 1681 (le
1225 1615 1335 1698 quibus
1353 1617 1510 1698 praeterea
1529 1636 1568 1682 ne
1588 1619 1622 1682 in
1642 1619 1744 1685 uerbis
1766 1620 1890 1702 quidem
1911 1639 1961 1686 se-

204 1737 367 1822 quentibus
388 1755 527 1821 expresse
551 1736 669 1820 agitur,
698 1735 778 1800 tales
803 1734 908 1816 quales
929 1733 963 1798 in
982 1727 1002 1816 ἢ
1024 1736 1081 1802 rofi
1101 1741 1202 1814 δεῖνος
1220 1735 1337 1800 dotent
1362 1733 1529 1814 Garoias,
1558 1737 1667 1822 utpote
1689 1737 1723 1802 in
1754 1738 1841 1804 ouius
1872 1757 1961 1824 pera·

191 1835 309 1942 'phrasi
332 1857 410 1922 haee
432 1856 574 1940 legantur
600 1855 691 1934 „eber
719 1873 751 1919 er
776 1855 858 1919 leun
881 1854 960 1919 auch
981 1855 1058 1919 eben
1084 1873 1117 1920 so
1139 1853 1222 1920 uobl
1248 1873 1357 1940 segon:
1390 1873 1422 1918 es
1442 1854 1486 1919 ist
1509 1855 1628 1921 Dessen
1656 1855 1719 1922 und
1739 1857 1858 1923 Dessen
1878 1857 1962 1924 Sobn

205 1975 277 2042 oder
295 1975 406 2056 Vates,
435 1975 498 2041 und
519 1975 601 2040 burn
632 1973 698 2039 also
724 1991 833 2060 gegen
847 1973 903 2037 ibn
925 1972 971 2038 uls
992 1973 1082 2038 einen
1105 1992 1183 2057 genn
1203 1973 1354 2039 Fremden
1375 1975 1453 2039 ohne
1474 1973 1627 2040 Pfliehten
1647 1993 1685 2040 zu
1706 1975 1774 2041 sein
1792 1977 1924 2062 glauben
1932 1989 1960 2055 ⁸⁶,

204 2096 288 2161 uiam
307 2094 423 2180 aperire
444 2094 529 2160 nullo
550 2093 642 2159 modo
663 2093 775 2177 potest.
820 2090 909 2172 Quod
927 2094 1032 2159 eutem
1053 2091 1243 2159 Thurotus
1268 2093 1489 2159 eonsbuetioni
1509 2093 1635 2179 uulgata
1656 2094 1788 2160 lectione
1807 2095 1962 2163 laboranti

204 2232 296 2300 opem
320 2215 438 2280 laturus
462 2231 524 2280 nou
544 2211 636 2278 modo
662 2205 681 2295 ἢ
704 2213 762 2279 οοῦ
783 2217 884 2290 telone
908 2229 1016 2277 uerum
1046 2213 1143 2278 etiem
1164 2229 1285 2277 nomme
1306 2213 1378 2295 poet
1402 2211 1478 2278 haee
1498 2212 1589 2279 verbe
1610 2212 1740 2292 deleuit,
1769 2230 1831 2279 non
1857 2215 1961 2282 minus

204 2333 371 2400 nudandos
393 2333 451 2410 est,
481 2331 535 2398 sed
558 2331 587 2396 si
608 2329 800 2396 Guilelmum
821 2333 982 2414 sequentes
1001 2326 1070 2398 οἷον
1091 2331 1167 2418 ἐμὸς
1186 2371 1230 2382 -
1250 2329 1319 2408 υἱός
1338 2331 1523 2411 norbanus,
1561 2333 1620 2397 boo
1640 2333 1896 2417 interpunctionis
1917 2335 1962 2399 si·

203 2471 299 2538 gnum
319 2452 512 2520 retinendum
532 2469 598 2516 osse
619 2450 671 2516 uir
692 2451 740 2515 est
762 2449 843 2534 quod
863 2469 1014 2516 moneam.

369 2571 467 2637 Paulo
483 2571 555 2656 post
570 2570 604 2635 in
619 2569 720 2635 uerbis
735 2568 812 2656 πρὸς
826 2565 860 2638 δὲ
882 2570 1004 2647 τούτοις
1017 2563 1121 2656 ἕτερον
1135 2568 1282 2656 φοάιοοα
1296 2563 1315 2653 ἢ
1330 2569 1501 2655 quaml
1520 2571 1559 2635 12
1570 2588 1615 2654 sq.
1631 2588 1702 2638 eum
1716 2573 1749 2636 in
1772 2568 1960 2658 oodinbusll

203 2692 293 2770 desit,
308 2690 485 2774 corruptum
505 2684 815 2776 ἕοοοοοίιιὲοαΐροο
836 2688 925 2753 acute
948 2663 1083 2752 monuit
1104 2687 1380 2775 Spengelius⁸⁰)‚
1401 2688 1455 2754 sed
1475 2707 1547 2754 eum
1566 2681 1736 2774 querneae
1750 2691 1962 2758 bunslstiouis

203 2810 387 2878 auotoritete
408 2809 535 2885 nitetur,
558 2826 595 2872 ex
616 2825 675 2890 qua
695 2806 796 2890 prima
816 2805 932 2890 reoepit
951 2805 1046 2871 editio
1060 2805 1248 2871 Besileeusie
1263 2807 1364 2886 tertia
1384 2807 1522 2891 pluerint
1535 2809 1665 2874 fortusse
1678 2809 1829 2894 pertioula
1842 2813 1962 2877 retente

204 2949 277 2996 oum
296 2927 506 3013 'l'hnroto⁴⁰)
526 2927 658 2993 seribere
684 2919 814 3011 ἕτερος.
857 2923 987 2990 Aoeedit
1005 2924 1087 3007 quod
1106 2925 1140 2989 in
1159 2925 1303 2991 uniuersa
1322 2926 1544 2994 sententiarum
1565 2927 1645 2992 serie
1666 2945 1727 2993 non
1749 2927 1787 2994 le
1805 2929 1961 2996 nmioitiae

205 3041 1197 3130 sfflqumfflmmbafflffimbmmfflummfflt

370 3167 408 3232 In
429 3165 537 3232 eodem
557 3165 658 3249 oepite
678 3163 781 3229 looum
799 3163 1035 3229 versatissimum
1056 3163 1138 3228 1262
1147 3163 1177 3240 b,
1202 3163 1324 3228 18-21
1347 3158 1431 3232 οὕτω
1446 3164 1617 3252 συμβαίνει
1637 3163 1695 3235 καὶ
1716 3164 1773 3250 riso
1787 3166 1963 3250 οἰκειότητα

207 3288 264 3371 ἦρ
290 3287 367 3375 πρὸς
395 3284 554 3368 ἀλλήλους
583 3282 639 3366 τὴν
665 3281 730 3351 ἀπὸ
761 3282 824 3350 τοῖν
850 3283 1019 3371 ὀνομάτων
1048 3282 1168 3351 rourum
1200 3280 1429 3370 διαφροντίζειν
1449 3275 1568 3365 ἥκιστα
1595 3284 1784 3375 ἀναγκαῖον
1810 3278 1850 3354 eiu
1870 3286 1964 3375 ἕννῇ

205 3406 345 3490 οολαιίᾳ
366 3405 404 3494 οῇ
425 3404 553 3492 οοιαοοῃ
572 3402 695 3487 triplioe
717 3401 890 3467 oonieotura
916 3399 1042 3467 domuit
1065 3401 1344 3488 Spengelius⁴¹),
1370 3401 1416 3465 sio
1445 3417 1516 3466 eum
1539 3401 1750 3487 retingendum
1775 3421 1842 3468 esse
1862 3405 1961 3469 retus:

205 3523 298 3596 οὕτω
324 3563 369 3578 -·
389 3523 565 3608 οἰκειότητα
586 3515 683 3590 εἶναι
709 3519 789 3607 πρὸς
808 3559 852 3572 -
872 3520 1006 3606 τούτων,
1035 3519 1081 3590 δι’
1110 3512 1133 3588 ἃ
1156 3520 1368 3608 φροντίζειν
1388 3559 1431 3570 -
1451 3521 1640 3609 ἀναγκαῖον
1667 3514 1735 3609 [ὃν]
1757 3551 1794 3590 κ.
1812 3548 1838 3590 r·
1860 3532 1902 3609 λ,
1930 3524 1964 3588 let

206 3664 264 3732 ego
285 3643 410 3728 quidem
429 3641 510 3708 nibil
530 3642 650 3708 mutere
670 3640 812 3718 aulam,
834 3639 1025 3728 συμβαίνειν
1040 3639 1135 3704 etirun
1150 3657 1220 3705 oum
1239 3639 1402 3724 participio
1423 3638 1510 3722 iungi
1528 3641 1682 3724 reputans,
1704 3640 1758 3706 sed
1779 3658 1850 3707 oum
1872 3640 1964 3707 Con-

205 3764 331 3850 grevio
359 3761 472 3826 boiam
491 3761 588 3827 talem
608 3761 670 3826 fere
689 3759 723 3825 in
742 3758 869 3825 modum
898 3759 1001 3824 looum
1022 3759 1157 3824 uertens:
1190 3775 1244 3837 „so
1271 3757 1390 3843 ergiebt
1416 3777 1449 3824 es
1470 3759 1537 3825 sioh
1565 3758 1643 3825 euoh
1662 3759 1697 3824 in
1718 3759 1819 3825 einem
1841 3761 1965 3826 sulthen

206 3885 295 3952 Stant
316 3903 369 3949 nm
390 3881 573 3964 Wenigstou
598 3879 645 3944 als
672 3877 871 3961 nothwendig
894 3875 944 3941 die
971 3875 1179 3961 gegonseitige
1199 3876 1477 3960 Annunqliohkeiu
1515 3876 1565 3942 die
1593 3895 1654 3942 uon
1686 3877 1810 3943 solohen
1843 3877 1964 3944 Namen

206 4002 346 4088 ausgebt,
367 4018 405 4066 nu
425 3999 574 4084 pingent
617 3996 724 4080 Neque
745 3996 779 4061 in
799 3993 899 4062 uerbis
916 3994 1065 4078 proximis
1085 3985 1104 4078 ἢ
1125 3994 1246 4082 πατέρα
1260 3993 1303 4073 ὡς
1321 3997 1400 4063 υἱοῖν
1421 3988 1441 4078 ἢ
1463 3993 1534 4064 υἱὸν
1555 3995 1599 4074 ὡς
1619 3995 1738 4083 πατρὸς
1752 4015 1824 4062 oum
1844 3997 1963 4062 Souli-

205 4119 341 4207 geroff)
364 4121 395 4184 et
416 4114 661 4202 spongelioss)
683 4115 768 4184 υἱοῦ
788 4113 983 4198 requirerem,
1004 4113 1270 4179 oumAristotelee
1291 4131 1492 4199 quamsaepe
1513 4113 1659 4180 similiter
1672 4116 1842 4182 orationem
1864 4117 1964 4184 unrie·

206 4239 296 4317 vorit‚
319 4239 352 4304 in
371 4237 481 4321 uulgus
504 4236 613 4302 notum
632 4234 684 4312 sit
703 4234 765 4300 nisi
786 4233 936 4300 Guilelmi
953 4231 1094 4317 uestigia,
1116 4251 1248 4315 quonum
1269 4233 1366 4300 etiam
1387 4231 1429 4298 P*
1448 4234 1522 4300 υἱοῦ
1543 4233 1640 4314 ollert,
1663 4236 1721 4300 heo
1741 4253 1861 4318 quoque
1879 4237 1912 4302 in
1931 4255 1964 4302 re

205 4354 642 4445 pmmaeffimwfflfflm

375 4473 488 4540 Contra
509 4491 545 4538 es
558 4473 591 4538 in
612 4475 722 4558 cepitis
745 4471 867 4557 quinti
887 4471 987 4548 initio,
1011 4470 1127 4548 12621),
1148 4469 1349 4550 40-126311,
1374 4473 1401 4550 l,
1422 4471 1554 4540 οοῦιοᾶ
1573 4467 1616 4540 οἵα
1633 4500 1677 4550 τις
1698 4471 1755 4542 οιαὶ
1774 4473 1874 4562 χωρὶς
1893 4475 1964 4543 σαί-

373 4732 420 4801 28)
438 4732 470 4784 Ιι.
488 4731 506 4784 l.
524 4748 550 4800 p.
568 4735 612 4782 2ο.

374 4827 421 4896 οι)
438 4827 471 4878 n.
489 4827 507 4878 1
527 4842 553 4894 p.
573 4831 605 4876 ιο
622 4825 691 4894 (οι).

374 4923 422 4988 ιο)
439 4921 470 4972 Ι..
489 4921 507 4972 1.
525 4937 550 4988 p.
570 4925 611 4971 as.

374 5017 421 5082 ιι)
437 5015 469 5068 1..
487 5015 505 5066 1
523 5031 549 5082 p.
570 5021 601 5067 ιο
619 5014 688 5082 (οι).

373 5111 472 5180 22)111
488 5111 544 5164 noo
560 5111 582 5162 1.
600 5127 625 5178 p.
644 5115 703 5161 411.

374 5206 421 5275 42)
438 5207 469 5258 L.
488 5207 505 5258 l.
523 5223 548 5272 p.
571 5211 601 5257 10
620 5205 689 5272 (ii).
