4684 5830
1024 255 1278 331 ..12-

264 476 361 558 igitur
382 475 476 538 simul
498 471 536 560 ad
557 470 642 534 alind
663 468 735 552 quid
757 471 924 554 pertinebit
937 468 1062 546 solutio,
1085 487 1177 551 quum
1192 468 1329 532 continet
1347 470 1438 550 caput
1457 469 1667 550 septimum
1690 469 1909 533 decimum?
1931 467 2029 532 Nemo

265 594 377 670 credet,
397 597 430 658 at
452 591 646 675 interpretati
668 593 740 656 suut
761 589 925 673 complura,
948 607 984 652 ac
1005 589 1032 652 si
1055 588 1221 654 crederent.
1264 588 1379 671 Incipit
1400 605 1466 651 rem
1487 588 1674 652 Aristoteles
1702 587 1751 652 his
1774 589 1891 657 verbis:
1919 580 1940 654 ἃ
1970 591 2029 676 μὲν

265 704 324 778 οὖν
350 715 380 778 οἱ
401 712 675 800 ἀμφισβητοῦντες
696 709 771 795 πρὸς
792 711 850 788 τὴν
872 711 1040 795 βασιλείαν
1061 710 1211 795 λέγουσι,
1240 707 1360 790 σχεδὸν
1384 707 1469 773 ταῦτ’
1494 707 1595 773 ἐστίν·
1618 707 1684 773 ἀλλ’
1708 703 1785 783 ἴσως
1806 708 1890 772 ταῦτ’
1909 705 1955 774 ἐπὶ
1970 707 2029 794 μὲν

266 833 359 898 τινῶν
381 827 446 914 ἔχει
471 831 524 898 τὸν
544 832 657 917 τρόπον
679 831 800 914 τοῦτον,
822 828 869 895 ἐπὶ
892 828 926 896 δὲ
941 830 1034 894 τινῶν
1055 828 1120 910 οὐχ
1141 821 1253 904 οὕτως,
1269 826 1394 902 128711,
1417 827 1551 904 35-38,
1574 827 1732 908 inquibus
1753 828 1814 908 qui,
1837 827 1921 890 1111111
1937 825 2029 890 Ber·

266 951 441 1033 nupsisse,
465 949 511 1016 ἐπὶ
537 952 630 1016 aneia
652 952 774 1014 vertunt
796 947 865 1026 „bei
886 950 1036 1030 gowissen
1060 947 1175 1012 Leuten
1197 947 1490 1030 (Beroellrerungem
1513 946 1831 1031 Buer·gerscbal'teu)“‚
1854 964 1913 1010 non
1937 945 2028 1010 intel-

266 1070 405 1133 lexerunt
427 1071 470 1133 ita
491 1071 554 1133 iam
574 1071 746 1152 propositas
774 1087 840 1133 esse
859 1069 915 1132 has
938 1068 1158 1142 dubitationes,
1188 1067 1305 1130 utnon
1329 1068 1390 1130 nisi
1415 1066 1447 1128 iu
1473 1067 1556 1130 certa
1579 1066 1710 1148 quedam
1733 1067 1860 1130 civitate
1882 1064 2028 1130 bonorum

267 1188 401 1252 virorum
426 1189 563 1252 omnium
580 1188 724 1263 valerent,
750 1189 864 1263 12861,
887 1187 1006 1264 31)-1,
1028 1189 1060 1264 3,
1082 1186 1235 1252 reddenda
1248 1187 1346 1270 igitur
1359 1187 1463 1268 potius
1478 1163 1551 1249 sunt
1566 1204 1657 1249 sensu
1670 1187 1867 1267 generaliore,
1888 1188 2030 1252 11111111

264 1308 385 1390 generis
404 1309 505 1372 neutri
527 1309 584 1372 sit:
615 1313 724 1384 „anter
746 1309 895 1390 gewissen
923 1307 1158 1371 Umstaenden.“
1192 1305 1312 1370 Fir-mat
1333 1307 1411 1370 banc
1425 1306 1660 1388 explicationem
1680 1307 1869 1370 continuatio
1891 1309 1922 1370 et
1937 1308 2030 1370 series

265 1428 550 1510 argumentationis.
594 1429 662 1491 Iam
684 1429 765 1491 enim
786 1429 924 1509 sequitur
945 1427 1115 1491 accuratior
1137 1427 1184 1490 rei
1216 1425 1382 1508 expositio,
1411 1425 1497 1488 cuius
1519 1425 1621 1507 prima
1638 1443 1708 1508 pers
1730 1426 1804 1488 haee
1827 1421 1891 1491 ἔστι
1914 1427 1981 1512 γάρ
2003 1455 2029 1490 τι

265 1548 359 1630 φύσει
384 1547 575 1614 δεσποτικὸν
596 1547 651 1614 καὶ
675 1542 756 1614 ἄλλο
777 1547 948 1632 bacelinde
970 1544 1025 1612 καὶ
1047 1541 1127 1612 dato
1151 1545 1312 1612 πολιτικὸν
1336 1544 1391 1612 καὶ
1414 1545 1539 1612 δίκαιον
1562 1545 1617 1611 καὶ
1635 1547 1814 1630 συμφέρον·
1839 1545 2030 1630 τυραννικὸν

264 1665 289 1732 δ’
319 1665 380 1731 οὐκ
410 1660 474 1731 ἔστι
498 1667 583 1732 κατὰ
613 1668 713 1750 φύσιν
741 1665 815 1734 οὐδὲ
842 1668 904 1732 τῶν
931 1660 1038 1732 ἄλλων
1067 1665 1228 1730 πολιτειῶν
1250 1665 1408 1749 (intellege
1436 1664 1491 1731 καὶ
1518 1667 1644 1732 δίκαιον
1676 1665 1731 1732 καὶ
1753 1668 1931 1751 σνμφέρον)
1953 1660 2027 1731 ὅσαι

265 1785 476 1870 παρεκβάσεις
498 1788 593 1850 εἰσίν·
616 1788 717 1851 ταῦτα
739 1786 806 1872 γὰρ
826 1787 947 1872 γίνεται
972 1782 1037 1871 [τὰ]
1062 1783 1148 1868 παρὰ
1173 1783 1283 1868 φύσιν,
1305 1803 1333 1846 v.
1356 1784 1499 1858 37-41,
1520 1785 1745 1849 Schlossero
1767 1803 1827 1850 11011
1851 1787 1917 1849 Sine
1940 1803 2030 1848 eausa

265 1905 440 1987 scrupulum
463 1906 727 1979 immittentem,
756 1909 791 1969 ut
817 1904 982 1968 admodum
1009 1904 1133 1986 quidem
1155 1903 1322 1968 infeliciter
1344 1903 1398 1966 ille
1421 1903 1688 1988 ἀριστοκρατικὸν
1719 1903 2030 1970 11111111111111

264 2022 313 2086 vel
335 2023 367 2086 iu
389 2023 549 2090 πολιτικὸν
578 2025 787 2089 1111111111
809 2025 994 2088 substituere
1016 2024 1257 2088 11111111111111
1281 2023 1360 2086 baud
1389 2023 1479 2086 dubie
1510 2023 1691 2098 1111111111,
1721 2023 1748 2086 11
1775 2023 1945 2108 βασιλικὸν
1975 2020 2029 2090 καὶ

265 2139 344 2215 ἄλλο
354 2143 622 2227 ἀριστοκρατικόν
631 2162 684 2226 pro
697 2149 885 2212 δεσποτικὸν
897 2142 952 2211 καὶ
965 2139 1223 2227 dilucescente
1233 2142 1397 2206 desiderari
1410 2143 1587 2206 censuisset.
1610 2143 1653 2204 nt
1662 2143 1762 2226 magis
1771 2143 1917 2207 iuteresse
1926 2143 2030 2207 debuit

264 2262 453 2339 Aristotelis,
472 2265 507 2325 ut
523 2263 572 2325 ius
591 2265 623 2326 et
634 2263 754 2326 utilitas
766 2264 853 2348 regni
864 2263 950 2327 illius
960 2263 1040 2327 inter
1050 2263 1182 2327 Graecos
1197 2265 1228 2326 et
1240 2263 1352 2326 liberos
1365 2261 1506 2326 homiues
1518 2263 1654 2326 absoluti
1665 2262 1703 2327 ab
1716 2263 1833 2344 optimo
1849 2263 1913 2327 viro
1924 2264 1987 2326 acti
2000 2265 2032 2326 et

264 2381 439 2463 adespetia,
457 2382 516 2445 boc
527 2384 574 2444 est
589 2400 711 2464 arogno
722 2382 927 2458 barbarorum,
940 2385 971 2446 et
982 2383 1013 2446 in
1027 2383 1205 2446 universum
1216 2400 1234 2445 a
1247 2381 1343 2445 libera
1356 2381 1521 2463 republica,
1538 2400 1628 2463 quarn
1641 2384 1676 2445 ut
1687 2383 1858 2446 accuratius
1868 2383 1906 2447 ab
1919 2383 2031 2446 aristo-

264 2500 360 2563 cratia
372 2503 403 2564 11
413 2499 533 2583 politia,
544 2502 676 2565 naturali
687 2504 815 2583 utraque
826 2502 900 2566 talis
912 2502 1096 2585 reipublicae
1104 2501 1212 2576 forma,
1226 2505 1257 2566 et
1268 2501 1306 2565 ab
1317 2502 1365 2564 bis
1376 2501 1501 2584 quidem
1513 2503 1588 2564 solis
1599 2502 1797 2583 separaretur,
1810 2502 1954 2584 quoniam
1962 2521 2033 2584 per-

263 2617 379 2684 fectum
401 2620 480 2684 illud
501 2639 628 2703 regnum
651 2625 683 2684 et
704 2622 880 2686 absolutum
904 2623 956 2685 ubi
980 2623 1153 2686 naturalem
1176 2623 1279 2686 locum
1301 2621 1430 2697 babeat,
1458 2622 1511 2685 ubi
1532 2641 1591 2686 non
1622 2620 1746 2696 habeat,
1774 2623 1831 2686 boc
1852 2641 1947 2686 unum
1966 2624 2033 2686 iam

266 2739 296 2800 in
322 2737 575 2820 disceptationem
597 2741 738 2803 uocatur:
760 2739 927 2804 cauendum
947 2747 1052 2804 tamen
1075 2742 1131 2812 est.
1153 2759 1191 2804 ue
1213 2741 1291 2803 torte
1311 2741 1389 2804 hanc
1410 2741 1449 2803 ob
1474 2758 1539 2803 rern
1563 2740 1804 2826 παμβασιλικὸν
1827 2743 2029 2823 expectemus,

266 2876 325 2939 quo
348 2857 450 2931 lieret,
499 2860 513 2920 t
535 2877 551 2920 e
572 2858 761 2923 naturalibus
782 2859 967 2942 reipublicae
988 2857 1249 2923 administrandae
1269 2858 1376 2921 formis
1400 2858 1557 2922 heroicum
1576 2857 1761 2922 Graecorum
1783 2879 1910 2944 regnum
1938 2862 2032 2942 atque

265 2977 456 3058 aesymnetia
478 2978 583 3040 contra
606 2995 711 3041 veram
733 2978 913 3042 Aristotelis
934 2978 1120 3042 senteutiam
1143 2977 1392 3042 excluderentur:
1422 2977 1583 3044 solemnio
1605 2977 1709 3040 autem
1726 2978 1783 3040 hoc
1804 2979 1870 3042 loco
1894 2977 1951 3042 duo
1974 2979 2032 3042 illa

268 3094 381 3158 liberae
405 3097 589 3178 reipublicae
608 3115 719 3179 genera
742 3098 965 3179 complectitur,
988 3116 1064 3179 quae
1087 3101 1213 3163 naturae
1236 3102 1309 3162 snut
1329 3096 1569 3162 accommodata.
1614 3097 1694 3178 llrgo
1712 3115 1818 3161 sensus
1841 3100 1889 3161 est
1909 3098 1974 3161 hic:
1997 3104 2032 3162 et

267 3213 405 3296 despotia
434 3217 466 3278 et
487 3235 613 3298 reguum
642 3217 672 3280 et
694 3218 887 3281 aristocratia
908 3237 968 3282 una
991 3237 1061 3282 cum
1083 3219 1196 3300 politia
1218 3220 1300 3283 iusta
1321 3221 1353 3282 et
1375 3217 1465 3280 utilia
1491 3219 1563 3282 suut
1591 3217 1756 3280 secundum
1789 3219 1946 3288 naturam,
1975 3219 2030 3282 sed

267 3333 397 3397 dirersis
419 3336 591 3400 extantibus
607 3337 844 3401 condicionibus.
889 3337 969 3401 Nam
985 3357 1022 3400 ue
1036 3338 1224 3420 explicemus
1246 3337 1318 3413 „sed
1338 3336 1417 3419 apud
1435 3335 1570 3400 diversos
1587 3337 1756 3404 hominem.
1780 3337 1843 3399 iarn
1857 3337 2031 3420 impediunt

266 3453 405 3535 proxima
427 3453 492 3518 ἀλλ’
518 3456 555 3520 ἐκ
577 3457 638 3520 τῶν
658 3457 828 3540 εἰρημένων
850 3485 888 3544 γε
911 3455 1051 3540 φανερὸν
1074 3455 1116 3527 ὡς
1138 3457 1172 3522 ἒν
1193 3455 1253 3542 μὶν
1275 3462 1337 3532 τοῖς
1360 3455 1479 3537 ὸμοιόις
1500 3453 1554 3520 καὶ
1571 3450 1653 3529 ἴσοις
1668 3456 1832 3539 συμφέροι·
1848 3454 1935 3521 ἐστὶν
1957 3450 2031 3522 οὕτε

267 3573 392 3638 δίκαιον
430 3568 487 3639 ἕνα
525 3575 636 3658 κύριον
672 3569 749 3640 εἶναι
787 3574 914 3640 πάντων
933 3616 967 3622 -
991 3575 1058 3642 οὐδ’
1089 3568 1132 3640 dv
1164 3574 1232 3641 κατ’
1274 3575 1388 3660 ἀρετὴν
1417 3576 1556 3658 ἀμείνων
1592 3565 1631 3657 ᾖ,
1662 3579 1688 3641 er'
1714 3576 1757 3660 μὴ
1793 3577 1906 3662 τρόπον
1942 3576 2030 3659 τινά,

269 3691 349 3754 1287
361 3693 394 3766 b,
436 3694 474 3755 41
491 3693 660 3767 -12881,
695 3698 731 3769 b,
771 3695 914 3775 quoniam
946 3713 1006 3758 nou
1039 3697 1138 3758 solum
1172 3694 1208 3760 de
1242 3695 1287 3762 eis
1326 3695 1502 3760 hominibus
1535 3697 1692 3773 locuntur,
1728 3698 1808 3760 inter
1840 3714 1915 3778 quos
1950 3696 2031 3760 illud

266 3812 398 3892 nequeat
435 3812 569 3894 probari.
601 3831 707 3876 rerum
744 3813 838 3876 etiam
876 3815 1047 3877 accuratius
1080 3815 1158 3896 apud
1192 3833 1244 3881 eos
1271 3815 1348 3880 illud
1383 3817 1506 3881 omuino
1538 3835 1598 3880 non
1631 3833 1721 3900 posse
1752 3816 1872 3900 probari
1903 3820 2032 3880 mouent

267 3931 327 3994 nisi
348 3932 570 3996 interueniente
593 3933 676 3994 11111
694 3931 824 4013 quadam
846 3933 1042 4006 condicione,
1066 3933 1181 3998 virtute
1207 3936 1274 4000 dieo
1303 3937 1385 4018 regis
1414 3937 1496 4000 certo
1520 3935 1651 4017 quodam
1683 3936 1773 3999 modo
1796 3936 1922 4020 (τρόπον
1944 3933 2031 4019 τινὰ)

267 4055 452 4132 comparata.
495 4051 623 4116 Modum
651 4054 755 4116 autem
782 4053 862 4116 hunc
891 4072 957 4117 esse
985 4073 1072 4128 euni,
1105 4057 1159 4136 qni
1190 4055 1252 4118 iarn
1279 4056 1312 4119 in
1343 4057 1443 4138 eapite
1466 4057 1559 4119 tertio
1588 4055 1706 4119 decimo
1735 4053 1897 4137 explicitus
1919 4054 2031 4118 statim

267 4171 422 4234 iterandus
444 4171 496 4244 Sit,
519 4170 563 4247 τίς
584 4173 608 4237 δ’
634 4171 650 4236 ὃ
674 4173 785 4256 τρόπος
805 4171 948 4238 λεκτέον·
974 4169 1089 4257 εἴρηται
1113 4173 1151 4239 δέ
1170 4202 1234 4249 πως
1253 4168 1312 4255 s’p'drp
1334 4173 1390 4241 sani
1414 4176 1581 4260 πρότερον,
1604 4195 1633 4239 v.
1658 4175 1676 4237 5
1699 4192 1743 4255 sq.
1786 4175 1822 4238 In
1845 4174 1900 4237 illo
1923 4176 2029 4236 autem

268 4290 368 4372 capite
395 4291 514 4367 12841,
542 4291 637 4366 3-1,
668 4292 710 4354 34
738 4289 826 4356 docet
850 4292 1032 4355 Aristoteles
1056 4293 1088 4356 in
1117 4293 1235 4375 optima
1262 4293 1388 4357 civitate
1416 4292 1498 4369 sola,
1531 4294 1589 4356 hoc
1610 4295 1657 4357 est
1679 4294 1711 4355 in
1733 4311 1804 4356 vera
1825 4293 2029 4360 aristocratia.

267 4411 354 4474 cuius
377 4412 459 4476 cives
480 4412 574 4475 simul
596 4413 668 4476 boui
689 4413 748 4476 riri
770 4414 842 4476 sunt
863 4430 978 4489 omncs,
1002 4432 1091 4496 posse
1112 4413 1188 4486 fieri,
1213 4417 1248 4476 ut
1269 4415 1317 4478 uir
1338 4415 1366 4476 si
1386 4412 1587 4477 nihilominus
1607 4413 1789 4488 inveniatur,
1812 4413 1898 4477 cuius
1919 4413 2028 4486 virtus,

268 4529 299 4592 id
321 4530 400 4611 quod
422 4531 494 4603 dixi,
517 4549 609 4612 quarn
630 4535 799 4596 ceterorum
823 4531 961 4597 omnium
982 4534 1015 4596 in
1037 4551 1132 4596 unum
1155 4533 1312 4614 complexe
1334 4531 1433 4594 maior
1453 4530 1511 4606 sit,
1531 4549 1591 4595 non
1609 4531 1787 4614 expellatur,
1810 4531 1864 4596 sed
1884 4549 1937 4615 pro
1956 4549 2030 4612 rege

267 4648 408 4713 absoluto
429 4652 620 4733 agnoscatur.
663 4650 733 4714 Non
755 4653 852 4735 igitur
871 4651 933 4715 alia
954 4655 1001 4714 cst
1022 4650 1189 4715 multitudo
1212 4651 1452 4726 alistrocratiea,
1479 4651 1544 4715 alia
1566 4652 1605 4716 ad
1627 4669 1733 4716 verum
1753 4669 1881 4734 regnum
1903 4653 2030 4714 natura·

267 4767 339 4832 liter
363 4768 526 4843 destinata,
549 4769 681 4832 seduna
702 4771 924 4856 eademque-*p
970 4769 1054 4834 Unde
1069 4769 1217 4853 sequitur,
1240 4772 1276 4832 ut
1292 4769 1382 4832 rerba
1398 4770 1545 4851 proxima,
1568 4771 1678 4852 quibus
1699 4771 1766 4852 ipse
1788 4771 1918 4852 scriptor
1940 4769 2029 4834 filum

595 4935 691 4943 ————.

433 5060 476 5128 22)
495 5059 534 5114 Eo
558 5061 646 5114 miuus
665 5059 806 5128 intellego,
833 5058 963 5128 quomodo
982 5075 1062 5127 supra
1085 5059 1113 5111 in
1138 5059 1188 5112 hee
1206 5075 1287 5126 reguo
1307 5057 1477 5112 describendo
1499 5059 1602 5121 12861,
1625 5059 1658 5111 32
1684 5054 1861 5127 111ἱῖ111ςῆ
1883 5063 2026 5124 <παμ->

266 5143 388 5210 βασιλεία
407 5146 509 5200 πόλεως
527 5153 570 5198 recl
584 5145 679 5200 demae
698 5144 754 5201 e'vo's
773 5143 791 5214 ἢ
809 5145 937 5200 πλειόνων
956 5142 1088 5214 οἰκονομία
1108 5144 1194 5198 verbis
1213 5145 1254 5197 uti
1272 5145 1403 5214 potuerit:
1422 5145 1522 5200 etenim
1540 5153 1583 5198 1111
1603 5145 1699 5200 ἔθνους
1721 5142 1777 5199 bic
1796 5143 1817 5212 ἢ
1832 5144 1962 5201 πλειόνων
1980 5145 2030 5199 ud·
