4670 5824
1087 319 1318 396 ..4-

312 569 357 625 ρει
379 537 473 618 τίσιν,
494 534 613 626 είρητια
642 538 793 625 πρότερον
814 561 823 580 ·
843 537 931 624 ὁμῶς
952 533 987 606 dl
1013 542 1066 605 δεῖ
1089 537 1248 626 γενέσθαι
1269 539 1367 619 δῆλον
1387 533 1432 624 μὴ
1462 535 1566 624 μόνον
1586 537 1663 606 ποία
1685 533 1807 604 τούτων
1835 533 1899 602 ταῖν
1926 536 2089 603 πολιτειῶν

311 657 426 746 ἀρίστη
448 664 516 736 ταῖς
535 659 678 737 πόλεσιν,
693 657 779 726 ἀλλὰ
800 653 857 726 aaa}
878 656 944 736 πῶς
964 663 1016 726 δεῖ
1030 657 1287 752 κατασκευάζειν
1307 653 1366 728 καί
1387 656 1508 735 ταύτας
1527 651 1586 728 καί
1608 653 1665 734 τὰς
1686 648 1790 733 ἄλλας
1804 657 1988 740 isinum
2009 681 2088 721 συν·

315 777 428 863 νόμως,
455 777 568 856 13171,
596 775 854 856 10-16,111111
880 795 972 861 posse
995 775 1245 844 animadvertens
1272 775 1540 862 Spengelius1)
1560 783 1645 845 recte
1666 773 1780 862 ἀρίστη
1809 780 1879 853 ταῖς
1900 777 1943 859 (1.
1969 773 2031 858 14.)
2056 774 2091 838 in

315 893 478 982 αἱρεταί
505 896 642 974 ποίαις
668 895 813 972 mutavit,
838 911 1027 980 quamquam
1049 895 1159 962 nescio
1178 913 1219 962 an
1238 895 1353 984 atpium
1374 895 1524 964 uocabulo
1542 895 1665 962 seruato
1693 893 1831 972 ποίαις
1857 892 2017 960 dumtaxat
2034 911 2090 977 pro

315 1021 384 1094 ταῖς
403 1015 601 1083 restituentes
626 1017 693 1081 tam
717 1014 940 1098 grammaticae
966 1032 1059 1097 quam
1080 1012 1200 1097 logicae
1225 991 1349 1098 pentius
1377 1013 1614 1082 satisfaciamus
1656 1011 1774 1078 Verum
1810 1009 1898 1076 eliud
1925 1011 2031 1090 restat,
2054 1010 2091 1074 in

316 1152 376 1216 quo
398 1134 585 1213 haereamus,
606 1133 775 1218 pessimam
796 1133 864 1199 dico
888 1133 1127 1212 anacoluthiam,
1149 1150 1210 1216 qua
1231 1135 1417 1220 &asom
1437 1151 1493 1218 pro
1515 1133 1659 1212 ἐπελθεῖν
1681 1132 1833 1216 scriptum
1856 1131 1914 1196 est.
1942 1129 2024 1196 Nolo
2040 1129 2091 1194 in-

318 1254 401 1320 fitias
421 1253 467 1320 ire
484 1253 519 1319 in
541 1254 600 1319 hoc
617 1254 767 1339 scriptore
788 1253 885 1320 etiam
905 1252 983 1320 talia
1003 1253 1133 1319 forsitan
1155 1270 1223 1318 csse
1244 1251 1424 1318 toleranda:
1446 1251 1527 1334 quod
1549 1250 1587 1330 si,
1609 1249 1644 1316 id
1664 1250 1746 1334 quod
1758 1249 1859 1316 multo
1881 1247 2090 1332 1111111111-

317 1372 411 1437 bilius
433 1371 564 1450 uidctur,
588 1368 664 1438 lracc
688 1373 811 1438 macula
837 1371 904 1436 arto
925 1370 1034 1436 critica
1055 1369 1196 1436 adhibita
1221 1369 1407 1437 removenda
1432 1371 1489 1450 est,
1511 1388 1567 1455 pro
1589 1369 1623 1440 di
1644 1372 1687 1454 (u.
1711 1370 1774 1454 13),
1803 1369 1841 1434 ut
1869 1367 1986 1452 optime
2007 1367 2090 1432 stare

318 1491 411 1575 queat
432 1492 629 1579 indisoppv,
651 1510 721 1569 non,
743 1490 776 1556 id
798 1489 879 1574 quod
899 1489 1105 1556 Belrkerus
1127 1489 1202 1556 iecit
1222 1490 1255 1556 in
1277 1490 1414 1557 editione
1435 1490 1542 1570 altera,
1564 1507 1636 1556 cum
1650 1489 1763 1556 Romo
1784 1487 1967 1554 Lambini
1988 1487 2090 1551 trans·

317 1610 468 1676 lationem
489 1611 593 1676 secuto
614 1607 648 1678 di
672 1608 817 1694 <ίαιί>,
842 1609 897 1674 sed
915 1608 1017 1676 multo
1038 1607 1140 1674 lenius
1162 1608 1225 1678 8ιί
1251 1609 1399 1688 reficiam,
1427 1628 1527 1694 neque
1548 1627 1671 1676 comma
1698 1627 1770 1676 cum
1790 1607 1899 1675 eodem
1918 1607 2088 1672 Bsikero

319 1727 609 1808 1111ιιαὶταύτας
631 1727 688 1798 καὶ
710 1727 769 1806 τὰς
790 1721 893 1806 ἄλλοις
915 1731 956 1814 (1.
979 1729 1052 1813 15.),
1075 1727 1129 1794 sed
1151 1729 1223 1813 post
1244 1730 1320 1794 haec
1340 1729 1433 1796 uerba
1453 1727 1629 1814 ponendum
1651 1732 1683 1795 et
1703 1731 1796 1798 ταῦτα
1817 1728 1921 1812 potius
1943 1726 1983 1792 ad
2002 1727 2088 1794 ixii·

319 1868 431 1935 ειωμεν
452 1848 619 1934 συντόμως
640 1847 886 1914 subaudiendum
905 1847 975 1912 erit.
1018 1847 1184 1931 Superesse
1205 1848 1345 1916 videatur
1368 1849 1463 1916 etium
1482 1849 1583 1944 lenior
1608 1848 1781 1935 corrigendi
1800 1849 1892 1926 ratio,
1915 1848 1943 1913 11
1964 1845 2090 1929 quidem

319 1969 413 2033 liceat
439 1967 511 2032 ante
536 1967 696 2055 panissas
721 1969 763 2054 (u.
785 1967 849 2052 13.)
876 1967 910 2030 in
940 1966 1027 2032 verbi
1052 1966 1158 2050 potius
1183 1965 1267 2032 liniti
1288 1974 1341 2036 δεῖ
1360 1967 1464 2034 iocum
1491 1967 1679 2034 substituere
1703 1966 1903 2052 participium
1924 1972 2025 2047 δεῖν,
2052 1967 2088 2031 11

320 2085 401 2169 quod
426 2085 565 2170 positum
589 2085 632 2150 sit
651 2103 706 2169 pro
727 2085 820 2154 dios:
843 2086 982 2149 attamen
1005 2085 1042 2158 ut
1062 2084 1142 2150 hanc
1163 2085 1287 2152 uiama
1313 2086 1438 2154 Maur.
1469 2086 1690 2154 Schmidtio
1714 2086 1794 2152 mihi
1814 2087 2020 2152 monstratam
2039 2084 2089 2149 in·

321 2205 410 2290 gredi
428 2204 576 2282 dubitem,
598 2205 724 2270 mouent
744 2223 796 2268 mc
816 2222 893 2286 qme
918 2204 1065 2270 disseruit
1091 2204 1338 2270 Kuehnerus
1368 2206 1402 2271 in
1421 2224 1553 2290 gramm.
1574 2206 1628 2272 Gr.
1649 2206 1675 2271 I.
1697 2224 1727 2290 p.
1750 2207 1823 2272 171.
1842 2225 1873 2271 1.
1894 2206 1933 2274 10
1952 2203 2004 2291 (ed
2024 2205 2089 2290 IL).

347 2337 348 2342 ’
489 2323 556 2390 Ium
576 2322 616 2388 ad
635 2323 892 2389 democratiae
912 2342 1026 2410 genera
1047 2343 1080 2389 se
1102 2325 1225 2392 uertens
1246 2328 1288 2410 (1.
1306 2327 1452 2411 16-18),
1474 2327 1511 2392 11
1532 2325 1654 2392 diuersa
1672 2325 1762 2404 ratio,
1784 2343 1844 2409 qua
1859 2324 2089 2392 constituendae

323 2443 396 2522 sint,
416 2443 623 2528 dignoscatur,
645 2442 750 2508 omnia
770 2442 987 2528 investiganda
1006 2463 1074 2510 csse
1093 2443 1183 2510 docet
1197 2443 1358 2528 sugimus,
1380 2462 1457 2527 quae
1478 2443 1684 2512 democretius
1702 2442 1863 2510 videantur
1876 2448 1920 2530 (v.
1933 2443 2091 2526 18-22).

322 2562 449 2628 Duabus
471 2563 555 2630 enim
574 2563 675 2628 causis
697 2562 848 2628 contineri
869 2563 981 2628 horum
1000 2581 1150 2649 generum
1171 2563 1369 2644 differentias,
1391 2565 1563 2644 hominum,
1584 2563 1696 2647 quibus
1709 2565 1783 2648 apta
1796 2563 1870 2643 sint,
1891 2563 2091 2630 dissimilitu-

323 2681 394 2747 dine
423 2683 456 2746 et
484 2682 699 2750 institutomm
727 2682 1004 2748 democraticomm
1029 2685 1084 2748 out
1101 2672 1290 2768 'pauciorum
1316 2685 1371 2750 aut
1396 2685 1533 2768 plurium
1555 2684 1610 2750 aut
1637 2684 1779 2750 omnium
1804 2684 2018 2753 coniunctione
2043 2687 2089 2769 (1,

325 2801 484 2887 22-33.).
516 2803 666 2868 Secuntur
682 2802 775 2868 verba.
796 2801 958 2889 χρήσιμον
979 2803 1005 2870 8
1028 2797 1169 2872 ἕκαστον
1190 2800 1299 2870 αὐτῶν
1317 2803 1485 2892 γνωρίζειν
1504 2803 1584 2890 πρός
1603 2831 1635 2872 τε
1656 2801 1691 2872 τὸ
1705 2802 1963 2885 κατασκευάζων
1983 2795 2023 2886 ἣν
2043 2797 2089 2872 είίν

262 2988 265 2994 .
324 2951 369 2999 τις
391 2921 498 2990 αὐτῶν
517 2920 600 3008 τύχῃ
625 2920 830 3008 βουλόμενος,
855 2919 912 2989 καί
934 2921 1011 3008 πρὸς
1034 2919 1091 2999 τὰς
1112 2920 1309 3006 διορθώσεις,
1335 2941 1365 2988 v.
1387 2921 1524 3000 33-35,
1545 2937 1623 3004 quae
1643 2939 1715 2988 oum
1735 2920 1815 2987 illud
1834 2921 1985 3005 repetunt,
2007 2920 2090 3005 quod

325 3039 392 3104 crat
413 3037 693 3116 demonstrandum,
721 3056 781 3103 non
809 3039 834 3108 δ’
858 3039 1061 3118 adversativa,
1087 3039 1141 3104 sed
1167 3038 1210 3123 δὴ
1237 3041 1433 3106 consecutiva
1458 3041 1610 3124 particula
1636 3058 1708 3106 cum
1736 3040 1988 3124 praecedentibus
2015 3043 2091 3106 sunt

324 3158 547 3243 coniungenda:
569 3155 650 3240 qood
671 3158 754 3222 cuim
774 3173 887 3225 novam
908 3158 1003 3224 simul
1027 3177 1095 3224 rem
1119 3157 1237 3224 oddmt
1260 3155 1318 3226 καί
1340 3157 1417 3244 πρὸς
1438 3156 1496 3237 τὰς
1517 3158 1715 3246 διορῡιίσιια,
1739 3177 1809 3225 eam
1834 3159 1936 3243 ipsam
1955 3160 1994 3226 ob
2015 3179 2091 3226 cau-

324 3297 393 3344 sam
420 3296 499 3344 nova
527 3296 646 3360 quoqne
667 3279 806 3360 sequitur
833 3277 1026 3344 confirmatio
1051 3279 1091 3344 ad
1111 3279 1191 3344 hanc
1211 3297 1278 3345 rem
1298 3278 1455 3362 pertinens
1481 3278 1609 3361 ζητοῦσι
1636 3275 1698 3364 μίν
1718 3278 1785 3368 γὰρ
1805 3281 1837 3346 αἱ
1856 3279 1915 3359 τὰς
1933 3279 2092 3358 πολιτείας

324 3377 544 3476 meconium}
563 3394 694 3466 ἅπαντα
716 3397 755 3466 τὰ
778 3399 882 3467 οἰκεῖα
908 3405 1116 3488 συναγαγεῖν
1147 3396 1223 3484 πρὸς
1244 3395 1300 3465 riou
1321 3395 1489 3481 ὑπόβεσιν,
1511 3395 1737 3483 ἁμαρτάνουσι
1760 3395 1795 3466 di
1816 3398 1909 3466 τοῦτο
1926 3399 2091 3476 ποιοῦντες

323 3522 366 3604 (1.
389 3517 547 3602 35-37.).
591 3517 669 3582 ibim
697 3519 907 3600 actamquae
934 3536 1003 3584 eam
1026 3517 1182 3602 excipiunt
1208 3517 1300 3582 uerba
1318 3515 1470 3601 sasaim
1497 3517 1532 3582 do
1554 3522 1618 3594 ταῖς
1639 3514 1705 3602 aspi
1726 3514 1784 3594 uir
1805 3517 1934 3604 qis-opis
1954 3515 2009 3585 καί
2030 3515 2093 3594 τὰς

326 3637 483 3724 σωτηρίας
504 3639 567 3704 τῶν
586 3638 747 3704 πολιτειῶν
770 3631 887 3723 είρηται
907 3637 1057 3724 πρότερον
1079 3640 1120 3723 (v.
1135 3637 1176 3702 37
1192 3639 1261 3722 sq.),
1283 3635 1312 3701 Si
1333 3635 1458 3717 quidem
1478 3637 1583 3701 Sextus
1604 3636 1684 3701 libel
1704 3638 1781 3704 111111,
1790 3637 1933 3720 quintum
1946 3639 2091 3720 transpo-

323 3755 440 3822 nendus
462 3757 518 3834 est,
540 3772 663 3820 necesse
685 3755 728 3819 sit
749 3754 916 3833 deleantur,
938 3755 1041 3820 nescio
1063 3775 1102 3820 ao
1124 3757 1156 3822 in
1177 3755 1327 3841 proximis
1351 3753 1423 3822 vovi
1445 3753 1479 3823 dt
1502 3755 1540 3822 τὰ
1562 3753 1733 3840 ἀξιώματα
1747 3754 1804 3824 καί
1826 3755 1866 3826 τὰ
1887 3752 1951 3842 ἥβη
1966 3756 2021 3826 καί
2039 3748 2091 3826 ὧν

323 3877 461 3961 ipsium
480 3874 626 3964 λέγωμεν
647 3875 775 3959 (11391,
796 3875 858 3940 nisi
879 3877 955 3940 hsec
969 3893 1087 3960 quoque
1109 3874 1213 3960 spuria
1228 3875 1309 3952 sunt,
1332 3873 1440 3940 eodem
1456 3873 1548 3939 modo
1566 3891 1628 3938 non
1643 3871 1677 3943 di
1694 3881 1777 3942 recte
1794 3895 1827 3944 se
1840 3875 1959 3954 habeat,
1980 3889 2093 3944 uorum

324 3993 369 4076 δὴ
390 3991 617 4060 restituendum
635 3992 688 4057 sit.
1703 4055 1707 4065 ,

386 4185 391 4192 ,
490 4113 585 4178 Porro
606 4112 639 4178 iu
661 4112 729 4198 ipsa
749 4111 971 4196 principiorum
992 4113 1267 4194 institutorumque
1287 4111 1572 4190 democreiioorum,
1594 4113 1741 4197 adquam
1763 4114 1839 4180 haec
1861 4115 2088 4185 1111111111-

211 4279 218 4292 .
322 4237 391 4328 tum
416 4233 539 4316 parant,
570 4231 798 4297 enumeratione
824 4231 974 4298 maiorem
1003 4232 1116 4316 capitis
1144 4231 1307 4297 secundi
1335 4233 1471 4314 partam,
1504 4231 1615 4310 13171,
1642 4233 1840 4312 40-13181,
1863 4235 1893 4313 3,
1925 4236 2085 4320 complexa

324 4351 561 4418 democraticum
585 4368 653 4415 1111
672 4350 805 4434 legimus
819 4351 993 4417 mercedem
1007 4351 1213 4428 comitiorum,
1235 4348 1382 4426 iudicum,
1403 4349 1652 4432 magistratuum,
1673 4350 1702 4416 11
1717 4367 1788 4416 vero
1802 4351 1906 4416 minus
1921 4353 1970 4418 iris
1985 4353 2088 4420 omni·

323 4473 381 4536 bus
409 4467 476 4534 dari
501 4470 602 4550 queat,
629 4469 870 4554 magistratuum
898 4468 1023 4546 saltem,
1050 4444 1201 4546 indicum,
1231 4469 1407 4542 senatomm
1437 4485 1602 4550 eorumque
1632 4470 1838 4549 comitiorum,
1869 4488 1947 4554 quae
1976 4472 2087 4560 κυρίαι

324 4587 492 4671 ἐκκλησίαι
519 4588 719 4671 appellentur,
749 4589 799 4654 uel
827 4589 910 4654 certe
938 4607 1045 4654 eorum
1066 4587 1315 4670 magistratuum,
1335 4586 1389 4669 qui
1409 4586 1624 4652 communibus
1645 4588 1749 4654 coenis
1768 4589 1903 4668 utantur,
1926 4585 2029 4670 ἔπειτα
2049 4589 2086 4658 τὸ

322 4712 546 4795 μισθοφορεῖν,
571 4705 714 4790 μάλιστα
738 4705 800 4792 μὲν
826 4707 961 4794 πάντας,
987 4704 1178 4789 ι’κττλησίαν,
1191 4707 1383 4791 δικαστήρια
1410 4704 1531 4792 ἀρχάς,
1558 4708 1587 4774 εί
1611 4705 1645 4776 δὲ
1671 4707 1727 4794 μή,
1758 4709 1816 4786 τὰς
1835 4708 1945 4796 ἀρχὰς
1965 4709 2021 4780 καί
2045 4710 2088 4780 τὰ

324 4827 515 4911 δικαστήρια
534 4822 592 4892 mori
613 4824 733 4912 βουλὴν
754 4824 812 4894 καί
834 4825 892 4904 τὰς
913 4825 1088 4910 ἐκκλησίας
1111 4826 1167 4904 τὰς
1189 4824 1315 4912 κυρίας,
1339 4818 1365 4908 ἢ
1380 4828 1442 4894 τῶν
1467 4825 1581 4914 ἀρχῶν
1604 4819 1646 4905 ἃς
1668 4827 1804 4916 ἀνάγκη
1833 4837 1999 4900 συσσιτεῖν
2017 4833 2085 4918 μετ’

322 4947 478 5029 ἀλλήλων,
507 4943 618 5023 13171),
641 4945 682 5008 35
692 4983 717 4991 --
726 4945 776 5010 38.
820 4946 904 5026 Quae
929 4945 957 5010 si
983 4945 1155 5012 accuratius
1178 4944 1415 5024 consideramus,
1436 4963 1496 5012 noo
1517 4964 1681 5030 possumus
1708 4965 1770 5012 non
1791 4949 1908 5030 mirari,
1934 4949 2009 5034 quid
2030 4953 2088 5030 sit,

323 5119 744 5134 *We-a

493 5207 519 5274 l)
539 5205 622 5256 Ucbcr
641 5207 680 5256 die
699 5203 794 5256 Politik
812 5204 855 5258 dos
875 5203 1032 5266 Aristotcles,
1051 5207 1077 5256 in
1097 5213 1238 5256 commenti.
1257 5203 1371 5270 plrilolol.
1391 5206 1464 5276 arud.
1483 5205 1584 5256 Monac.
1607 5205 1639 5256 V.
1658 5221 1684 5272 p.
1702 5211 1746 5258 ³4.
