4670 5824
1082 381 1337 458 ..10-

330 594 366 661 δι’
390 595 519 676 ἡλικίαν
546 599 836 686 ἐγγεγραμμένους
857 595 913 664 καὶ
940 597 1015 674 τοὺς
1039 597 1194 686 γέροντας
1219 597 1294 674 τοὺς
1320 596 1514 682 ἀφειμένους
1540 599 1660 681 φατέον
1687 591 1770 664 εἶναι
1792 597 1853 682 μέν
1874 623 1940 674 κως
1961 598 2100 679 πολιίας,

331 714 396 798 οὐχ
416 713 525 793 ἁπλῶς
545 716 579 788 δὲ
600 721 675 783 λίαν
694 719 735 803 (1)
758 717 843 784 ἀλλὰ
865 716 1096 803 spuantium
1115 716 1190 796 τοὺς
1207 714 1268 803 μὶν
1289 715 1411 792 ἀτελεῖς
1431 717 1506 792 τοὺς
1528 713 1562 785 δὲ
1585 716 1843 804 παρηκμακότας
1863 709 1885 799 τ’)
1904 743 1931 782 rr
1952 716 2100 783 τοιοῦτον

332 827 450 918 ἕτερον,
472 833 651 924 οὐδὲνγὰρ
673 837 830 923 διαφέρει,
852 839 950 920 δῆλον
970 833 1038 924 γὰρ
1060 835 1312 924 τὸλεγόμενον,
1344 833 1462 912 127511,
1475 833 1606 899 ’8-18,
1649 835 1686 900 In
1706 834 1817 917 quibus
1839 833 1931 900 1111111
1952 831 2009 902 κα)
2030 835 2098 923 γὰρ

332 953 435 1020 sadra
456 953 577 1030 codron·
596 953 733 1042 ὑπάρχει
757 957 797 1038 (v.
822 956 900 1040 11),
930 973 1023 1038 quae,
1053 973 1124 1020 cum
1153 955 1261 1020 cadem
1281 973 1315 1019 re
1336 953 1464 1019 eandem
1483 953 1630 1038 probent,
1653 954 1772 1038 primus
1794 952 1921 1018 seclusit
1944 951 2099 1018 Gonrin-

332 1070 428 1152 gius‚
455 1071 608 1137 similibus
631 1073 780 1156 exemplis
810 1072 971 1138 defendere
994 1077 1122 1138 conatus
1144 1075 1193 1138 cst
1213 1071 1461 1158 Vahlcnus²¹b
1503 1071 1548 1136 At
1568 1073 1605 1136 ut
1626 1071 1765 1155 exempla
1787 1071 2011 1148 demonstrent,
2038 1089 2099 1136 non

333 1186 409 1252 talia
429 1189 580 1256 aderanda
602 1191 688 1270 snut,
716 1210 793 1274 quae
821 1191 939 1275 ahquid
968 1192 1184 1258 similitudinis
1206 1191 1353 1269 babeant,
1384 1189 1438 1255 sed
1464 1208 1541 1273 quac
1563 1189 1682 1256 similia
1701 1191 1765 1255 sint
1784 1191 1869 1255 omni
1891 1208 1928 1256 ex
1948 1190 2035 1273 parte
2045 1187 2097 1274 ¹⁴),

332 1325 429 1388 neque
450 1310 611 1392 neglegere
632 1309 762 1375 debebat
782 1310 830 1375 uir
850 1309 1049 1376 doctissimus
1070 1311 1133 1376 ista
1154 1311 1247 1375 rerba
1273 1328 1334 1375 non
1361 1289 1424 1374 nisi
1445 1309 1478 1375 in
1499 1309 1643 1392 vulgatae
1665 1309 1853 1374 recensionis
1870 1307 2029 1374 codicibus
2049 1307 2097 1374 in·

333 1425 492 1512 1111111).
536 1429 614 1493 (lum
640 1431 745 1493 autem
770 1430 816 1494 eis
845 1429 1027 1494 antecedunt
1048 1429 1137 1494 valdo
1164 1429 1282 1494 similia
1310 1431 1403 1496 ιοῦιο
1424 1427 1492 1518 γὰρ
1517 1428 1656 1514 ὑπάρχει
1680 1425 1736 1495 καὶ
1759 1434 1840 1512 τοῖς,
1868 1446 1905 1492 er
1930 1427 1996 1492 illis
2022 1427 2098 1492 haec

332 1543 422 1609 bacile
442 1547 580 1629 potuisse
600 1547 675 1613 oriri
695 1547 764 1630 quis
787 1550 835 1613 est
856 1549 909 1631 qui
928 1549 1035 1634 neget!
1068 1547 1219 1613 Fontibus
1250 1547 1347 1631 igitur
1371 1548 1552 1631 plerumque
1571 1547 1753 1616 melioribus
1780 1547 1881 1612 maior
1901 1546 1959 1612 buc
1980 1563 2098 1629 quoque

333 1663 365 1726 in
385 1683 419 1728 rs
440 1665 602 1731 tribuenda
623 1666 683 1731 erit
703 1667 886 1745 auctoritas,
908 1669 944 1731 ut
965 1687 1003 1732 ne
1024 1667 1191 1732 Thuroto
1203 1667 1246 1751 ὀ)
1268 1665 1394 1749 quidem
1414 1665 1666 1750 adstipulandum
1688 1666 1733 1730 sit
1752 1664 1846 1732 verba
1867 1665 2009 1748 suspecta
2029 1667 2100 1748 post

333 1785 363 1850 οἱ
382 1786 522 1869 μέτοικοι
549 1786 744 1870 μετέχουσιν
765 1789 807 1870 (11.
831 1787 894 1870 12.)
922 1785 1094 1863 traicienti,
1124 1805 1195 1851 cum
1223 1785 1406 1869 praesertim
1433 1787 1479 1850 sic
1505 1783 1562 1853 καὶ
1590 1785 1658 1874 γὰρ
1684 1784 1805 1863 τούτοις
1833 1788 1936 1854 ταῦτα
1957 1784 2020 1870 (vel
2041 1782 2097 1854 mi

333 1902 449 1986 ιοῦια)
469 1903 594 1990 μειέχιι
614 1905 718 1989 potius
741 1909 944 1989 expectemus.
988 1905 1182 1988 Quamquam
1202 1906 1291 1969 recte·
1305 1903 1461 1969 intellexit
1475 1904 1523 1968 sir
1535 1903 1794 1988 prudentissimus
1811 1903 1930 1970 nemini
1951 1922 2024 1970 saue
2037 1920 2098 1968 non

334 2037 401 2085 esse
420 2020 600 2102 obscurum,
623 2023 698 2106 quid
718 2023 779 2090 sibi
800 2025 878 2090 velit
901 2025 933 2088 in
954 2023 1012 2089 hac
1031 2043 1134 2089 rerum
1153 2024 1359 2108 perpetuitate
1381 2024 1448 2088 tota
1469 2023 1532 2087 isla
1551 2023 1937 2108 ροῐοο1ὴοοίε·νουαχοῦ
1956 2020 2017 2110 plo
2037 2015 2098 2090 οὖν

334 2136 409 2206 ocal
437 2140 556 2209 ιούιων
585 2144 696 2221 τελέως
720 2146 751 2209 οἱ
775 2145 914 2230 μέτοικοι
945 2180 985 2194 -
1013 2143 1184 2221 κοινωνίας
1211 2141 1455 2227 (v.11-14.)‚
1484 2140 1547 2206 nisi
1570 2141 1739 2224 inquilinos
1766 2159 1886 2225 quoquc
1915 2140 2100 2206 iudiciorum

335 2259 556 2325 communitate
586 2279 656 2326 cum
684 2261 802 2328 civibus
831 2261 1000 2327 consociari
1026 2261 1142 2346 apertis
1169 2261 1271 2327 verbis
1300 2261 1431 2344 scriptor
1456 2260 1550 2344 paulo
1570 2263 1661 2326 antea
1690 2261 1812 2328 dixerit
1855 2261 1947 2342 Ques,
1962 2277 2032 2325 cum
2053 2259 2100 2325 ita

335 2376 408 2454 sint,
431 2377 482 2442 rix
502 2378 619 2458 dubito,
641 2380 716 2464 quin
736 2384 807 2447 ante
828 2380 885 2448 καὶ
907 2389 971 2458 wic
992 2379 1056 2449 ἀπὸ
1077 2381 1252 2468 συμβόλων
1272 2383 1314 2465 (r.
1327 2381 1400 2465 10.)‚
1420 2397 1514 2462 quam
1527 2379 1735 2446 coniecturam
1747 2380 1972 2445 Buechelero
1994 2378 2098 2454 debeo,

335 2496 547 2563 interciderint
568 2497 634 2567 καὶ
653 2501 853 2588 μειοίκοις.
897 2499 1044 2566 Necnon
1065 2519 1159 2584 quam
1185 2501 1257 2565 ante
1278 2501 1371 2566 verba
1392 2499 1551 2582 sequentia
1580 2497 1666 2566 ἀλλὰ
1697 2500 1849 2586 καθάπερ
1869 2502 1912 2586 (r.
1935 2499 1997 2585 14.)
2017 2499 2100 2564 male

335 2615 479 2682 odoratus
503 2619 552 2684 est
579 2619 797 2704 Contingius
836 2619 978 2684 lacunam
1009 2621 1084 2704 post
1107 2619 1363 2708 καρηκμαιιόιας
1396 2622 1438 2704 (r.
1463 2620 1527 2704 17.)
1554 2621 1637 2684 recto
1665 2617 1824 2704 indagavit
1852 2616 2100 2702 Thurorusvt.

336 2733 433 2800 Deest
453 2737 536 2802 enim
554 2739 686 2805 alterum
708 2739 861 2806 enuntiati
880 2739 1055 2805 membrum
1074 2737 1170 2824 priori
1196 2739 1348 2826 mudum
1369 2770 1401 2807 ιι.
1416 2769 1443 2807 ι.
1455 2749 1484 2807 1.
1510 2737 1712 2821 respondens,
1733 2755 1830 2821 nequo
1851 2737 2101 2822 morigerendum

337 2856 385 2919 cst
406 2855 654 2944 Spengelio²¹)
675 2859 826 2945 medum
846 2859 947 2924 delere
974 2858 1118 2935 malenti,
1147 2858 1292 2943 quoniam
1318 2877 1379 2923 non
1399 2857 1431 2922 id
1461 2857 1530 2942 ugit
1548 2857 1736 2922 Aristoteles
1756 2857 1790 2922 in
1808 2859 1877 2923 tota
1897 2855 1955 2922 hac
1974 2855 2099 2941 periodo

336 2976 421 3058 (nam
441 2993 501 3039 una
521 2975 664 3060 periodus
686 2979 734 3041 est
754 2976 825 3043 inde
846 2996 865 3041 a
887 2977 988 3042 verbis
1009 2975 1083 3055 rode
1102 2975 1163 3062 plo
1183 2969 1244 3044 οὖν
1266 2997 1295 3042 v.
1318 2978 1347 3040 5.
1375 2995 1472 3060 usque
1493 2976 1533 3042 ad
1552 2975 1729 3065 λεγόμενον
1750 2995 1779 3042 r.
1803 2976 1877 3062 18.)‚
1897 2977 1934 3041 ut
1951 2995 1990 3040 ne
2011 2994 2100 3042 sones

337 3090 463 3176 quidem
485 3095 516 3158 et
537 3112 647 3180 pueros
670 3095 753 3161 circs
775 3113 841 3160 csse
862 3098 987 3162 moneat
1007 3095 1168 3180 perfectos,
1190 3095 1245 3160 sed
1264 3097 1302 3160 ut
1321 3095 1366 3160 cis
1385 3095 1571 3179 comparatis
1585 3095 1723 3160 similem
1744 3095 1777 3160 in
1791 3094 1920 3161 modum
1932 3093 2100 3178 inquilinos

337 3230 457 3295 quoque
486 3213 518 3277 et
539 3230 606 3292 eos,
634 3231 710 3296 qnos
740 3213 865 3279 vocavit
891 3213 1025 3282 δικαίων
1054 3212 1118 3282 ἀπὸ
1140 3213 1314 3301 συμβόλου
1340 3216 1595 3300 κοινωνοῦντας,
1627 3233 1686 3280 non
1707 3214 1789 3280 cives
1818 3214 2018 3300 simpliciter,
2045 3214 2101 3280 ssd

338 3330 475 3412 epitheto
495 3330 616 3410 addito,
648 3350 708 3416 quo
727 3333 837 3399 civitas
865 3350 971 3398 corum
992 3333 1220 3416 angustioribus
1242 3331 1354 3398 linibus
1375 3333 1564 3411 includatur,
1590 3333 1788 3418 appellandos
1811 3351 1879 3400 csse
1901 3332 2099 3399 demonstret.

338 3447 424 3528 ome
445 3448 541 3532 igitur
563 3449 753 3528 exciderunt,
783 3451 964 3518 Germanice
987 3452 1101 3517 saltem
1127 3452 1174 3516 sic
1195 3452 1257 3517 iere
1277 3453 1331 3518 cut
1351 3453 1498 3518 similiter
1519 3452 1681 3518 restituere
1702 3452 1820 3518 ausim:
1850 3452 1947 3532 „eben
1972 3471 2006 3518 so
2034 3451 2107 3517 dart

339 3586 431 3646 „man
456 3569 535 3633 auch
562 3568 612 3633 die
633 3571 806 3653 genanntcn
828 3570 925 3635 Leute
951 3589 1009 3635 nur
1036 3571 1115 3635 etwa
1142 3570 1384 3655 Schutrbuerger
1410 3571 1483 3636 oder
1511 3569 1783 3654 Gcrichtsbuerger
1808 3581 1956 3636 nennen“.
1999 3571 2100 3636 Verbo

339 3689 444 3752 antem
464 3687 640 3774 λεγόμενον
661 3692 702 3774 (r.
726 3689 789 3773 18.)
810 3689 899 3754 linita
919 3691 969 3756 cst
988 3688 1081 3774 longo
1099 3689 1258 3773 periodus,
1282 3691 1424 3773 rectaque
1444 3689 1621 3756 Aretinus
1649 3691 1682 3754 et
1702 3689 1923 3775 Oonringius
1944 3693 1976 3757 in
1999 3692 2100 3758 verbis

339 3807 538 3889 sequentibus
563 3808 718 3895 ζητοῦμεν
743 3809 811 3897 γὰρ
840 3808 895 3875 τὸν
924 3807 1032 3886 ἁπλῶς
1057 3807 1187 3890 πολίτην
1216 3806 1273 3876 κα)
1296 3805 1396 3894 pendis>
1412 3803 1533 3892 ἔχοντα
1565 3811 1707 3876 τοιοῦτον
1729 3803 1879 3898 ἕγκλψια
1899 3812 2102 3898 διορθώσεως

339 3926 492 4012 δεόμενον
518 3929 559 4012 (v.
584 3927 623 3990 19
645 3927 704 4012 sq.)
733 3924 771 3994 sl
797 3945 851 4009 pro
881 3925 949 4014 γὰρ
978 3926 1112 4010 amplexi
1139 3930 1219 3991 sunt.
1264 3926 1378 3992 Omnes
1406 3927 1489 3992 enim
1518 3927 1550 3992 id
1577 3947 1674 4011 genus
1694 3929 1834 3994 homines
1855 3931 2019 4014 postquam
2038 3947 2101 3996 non

340 4064 408 4110 esse
429 4045 512 4112 cives
532 4045 683 4131 perlectos
708 4045 952 4112 demonstratum
974 4046 1031 4122 est,
1054 4044 1117 4109 ianr
1140 4063 1175 4108 cx
1197 4044 1324 4110 adversa
1342 4047 1429 4130 parte
1444 4047 1602 4112 notionem
1616 4047 1694 4112 civis
1714 4067 1776 4114 non
1797 4049 1859 4114 nisi
1874 4049 2001 4133 perfecti
2022 4049 2102 4113 civis

340 4165 411 4249 (ιοῦ
427 4165 535 4242 ἁπλῶς
555 4162 696 4249 ιιολίιου)
721 4183 788 4229 csse
809 4163 994 4242 ostenditur,
1024 4183 1052 4228 s.
1077 4164 1231 4240 19-22,
1259 4166 1291 4229 et
1317 4165 1377 4230 hac
1399 4184 1432 4230 re
1457 4167 1581 4250 peracta
1606 4167 1675 4250 ipsa
1704 4168 1779 4232 haec
1802 4169 1889 4234 notio
1909 4168 1943 4234 in
1964 4166 2103 4234 medinm

339 4281 500 4365 profertur,
519 4284 644 4366 πολίτης
666 4283 693 4350 δ’
714 4283 822 4361 ἁπλῶς
845 4314 866 4350 κ
897 4311 922 4350 r·
945 4293 985 4367 1.,
1008 4303 1036 4347 v.
1055 4285 1097 4348 22
1119 4301 1186 4366 sqq.

507 4592 554 4658 11)
572 4593 704 4658 Beitrccgc
722 4607 753 4644 ru
772 4592 922 4643 Aristoteles
940 4592 1039 4642 Postlla
1059 4590 1095 4642 ll.
1110 4591 1220 4642 vindoc.
1238 4589 1460 4644 MDCCOLXVI.
1478 4608 1502 4657 p.
1515 4597 1546 4643 11
1565 4593 1605 4657 (ln
1625 4592 1721 4644 Corum.
1741 4593 1874 4659 hist-plrll.
1893 4594 1965 4644 acad.
1985 4593 2099 4646 vindob.

339 4679 397 4731 LII.
417 4695 441 4746 p.
464 4679 535 4746 loo).

508 4768 555 4826 14)
573 4761 659 4814 Unum
682 4771 779 4814 tuntum
803 4764 924 4814 eiusmodi
947 4764 1090 4830 exemplum
1116 4765 1199 4816 anulis
1222 4762 1403 4816 Vahlcnrrs.
1428 4764 1459 4814 dc
1486 4780 1543 4828 gun.
1565 4765 1640 4814 anim.
1659 4763 1713 4824 Ill,
1738 4771 1761 4815 5.
1788 4766 1872 4824 1511),
1898 4769 1931 4814 10
1948 4779 2003 4830 sqq.
2040 4764 2102 4816 Non

339 4862 421 4903 romeu
445 4853 510 4904 hunc
528 4852 561 4903 cb
580 4867 631 4902 rem
649 4850 828 4916 vituperandus
850 4833 901 4908 c'st,
924 4851 1014 4915 utqui
1034 4863 1085 4900 non
1110 4858 1161 4900 rum
1179 4849 1248 4899 huuc
1266 4847 1431 4898 Politiccram
1450 4849 1534 4900 locum
1562 4866 1639 4916 quum
1663 4847 1822 4902 Ponticorum
1844 4851 1968 4917 quendam
1992 4849 2058 4902 male
2085 4867 2102 4902 a

339 4955 378 4991 mc
398 4941 587 5005 Rittcroquc
605 4947 723 4988 vexamur
741 4935 805 4986 tucri
822 4935 937 4985 volucrit.

506 5025 553 5091 11)
572 5022 629 5076 Om.
648 5022 690 5073 M·
705 5021 738 5072 1²¹
761 5019 830 5070 Gall.
849 5021 920 5070 Arci.

506 5111 554 5177 16)
574 5109 633 5161 1..1.
653 5127 676 5176 p.
688 5115 720 5158 11
740 5122 776 5172 sq.
814 5105 944 5157 consentit
963 5123 1018 5158 curn
1038 5123 1068 5158 co
1086 5107 1282 5173 Spengclias
1302 5105 1317 5156 Ι.
1330 5105 1346 5156 1.
1366 5111 1437 5172 plo
1455 5108 1525 5172 (11).

508 5198 555 5264 17)
573 5197 629 5248 Ῑι.Ι.
648 5214 670 5262 p
683 5201 716 5245 35
735 5209 773 5260 sq.

507 5282 555 5351 11)
572 5281 602 5331 L.
613 5283 629 5334 l.
648 5299 672 5348 p.
684 5287 717 5332 111
735 5281 805 5347 (11).

2310 693 2312 784 l
