4670 5824
981 325 1209 403 ...7-

215 561 284 610 mus
298 535 516 627 argumentum
529 542 563 606 in
578 535 839 607 demonstratione
856 541 1001 621 sequente
1021 541 1050 607 εἰ
1067 538 1128 627 μὲν
1148 541 1215 630 γὰρ
1236 534 1254 609 d
1279 571 1304 608 rr
1327 533 1371 610 de
1391 545 1422 609 αι’
1441 541 1555 631 ὀλίγοι,
1577 543 1726 630 τυραννίς
1746 543 1816 630 (καὶ
1831 541 1898 630 γὰρ
1916 541 1975 612 ἐὰν

213 664 256 748 εἷς
277 663 337 752 ἔχῃ
356 662 449 732 πλείω
471 664 534 730 arde
555 655 664 731 ἄλλων
685 660 839 748 εὐπόρων,
867 657 956 727 κατὰ
979 657 1014 726 ed
1035 659 1253 748 ὀλιγαρχικὸν
1279 663 1407 732 δίκαιον
1433 655 1549 748 ἄρχειν
1570 663 1695 741 δίκαιος
1714 663 1838 752 μόνος),
1859 665 1888 730 εἰ
1907 661 1934 732 d'
1956 658 1976 734 3

212 819 239 860 ιι
261 791 293 858 οἱ
312 787 436 864 πλείους
445 782 519 852 eenr'
543 773 696 869 ἀριθμόν,
716 779 885 865 <odx>⁸)
905 779 1102 862 ἀδικήσουσι
1119 781 1309 865 δημεύοντες
1329 780 1368 850 rdr
1394 783 1457 851 ιῶν
1479 781 1641 852 πλουσίοιν
1662 787 1720 852 καὶ
1745 783 1922 854 ἕλαιεόνοιν
1942 814 1974 852 ιι.

212 939 238 980 ι.
260 917 299 992 l,
322 927 350 974 r.
373 905 523 990 22-26)‚
544 902 585 968 ad
605 919 763 968 summum
784 899 889 966 autem
908 899 1120 984 perversitatis
1142 897 1304 984 fastigium
1327 902 1509 986 perveniunt
1535 921 1612 985 quae
1631 904 1771 987 proxime
1791 903 1975 982 adiciuntur,

212 1031 258 1106 εἷς
278 1021 324 1096 do
345 1019 406 1095 cdv
425 1020 471 1108 εἴη
494 1023 610 1107 ἰσότης,
631 1013 671 1105 ἣν
693 1019 956 1108 ὁμολογήσουσιν
978 1019 1162 1108 ἀμφότεροι,
1184 1021 1337 1090 emmae
1359 1023 1393 1106 ἐξ
1411 1013 1456 1088 ὧν
1470 1021 1627 1108 ὁρίζονται
1642 1021 1777 1092 δικαίων
1790 1023 1974 1110 ἀμφότεροι·

211 1145 344 1234 λέγουσι
367 1146 434 1233 γὰρ
455 1143 498 1221 ὡς
519 1139 538 1211 d
559 1173 587 1210 rr
603 1134 648 1210 dv
666 1140 743 1230 δόξῃ
764 1147 829 1218 τοῖς
849 1139 969 1208 πλείοσι
992 1140 1054 1206 ιῶν
1077 1142 1223 1223 πολιτῶν,
1246 1137 1325 1210 τοῦτ’
1349 1136 1431 1210 εἶναι
1453 1147 1506 1210 δεῖ
1524 1143 1636 1230 κε’ριον
1656 1146 1698 1231 (v.
1721 1144 1870 1229 27-29).
1913 1141 1977 1210 Hit

212 1267 296 1332 enim
317 1283 386 1331 eam
407 1263 468 1330 sibi
490 1262 720 1345 aequalilatem,
741 1261 775 1325 in
797 1278 856 1344 qua
877 1261 910 1328 et
930 1259 1135 1326 democratiae
1156 1259 1290 1326 emtores
1305 1262 1338 1328 et
1352 1262 1538 1345 eligarchiae
1552 1263 1753 1342 consentiant,
1770 1261 1976 1346 quaerendam

211 1405 280 1453 esse
305 1385 409 1450 censet
434 1385 567 1468 nugator
591 1399 628 1446 er
653 1382 699 1447 eis
726 1380 925 1464 aequalitatis
951 1379 1190 1460 delinitionibm,
1217 1397 1293 1464 quas
1314 1383 1346 1448 ot
1366 1382 1401 1447 hi
1422 1385 1453 1448 et
1473 1381 1524 1448 illi
1543 1386 1723 1468 proponant,
1748 1383 1848 1450 dicere
1869 1383 1975 1452 antem

210 1509 356 1589 uncaque
385 1502 534 1586 quidquid
562 1501 701 1586 pluribus
728 1500 844 1566 civium
868 1499 989 1585 placeat
1011 1501 1115 1568 ratum
1143 1520 1210 1567 esse
1234 1502 1352 1568 debere.
1403 1502 1505 1584 de?
1529 1502 1640 1569 hocine
1665 1503 1761 1586 stiam
1787 1501 1976 1586 eligarehiae

209 1625 345 1692 asseclae
364 1622 568 1708 profitentu?
610 1621 659 1686 Ne
678 1621 790 1705 longus
808 1621 878 1698 sim,
902 1620 957 1704 qui
977 1621 1074 1686 semel
1096 1638 1115 1685 a
1135 1623 1194 1685 ma·
1206 1620 1383 1688 admonitus
1404 1623 1482 1688 talia
1507 1623 1539 1689 in
1559 1625 1718 1706 posterum
1738 1639 1858 1706 quoque
1884 1623 1974 1708 putet

209 1747 278 1832 ipso
299 1743 469 1810 Aristotele
498 1741 593 1826 digna
616 1757 693 1818 esse,
719 1739 835 1805 iudicio
861 1756 917 1805 suo
938 1737 1080 1823 gaudem,
1110 1756 1166 1825 ego
1193 1739 1391 1806 haecomnia
1415 1742 1455 1808 ab
1476 1761 1512 1808 eo
1533 1741 1736 1808 abiudicanda
1756 1761 1823 1808 esse
1843 1741 1974 1808 minime

209 1865 317 1932 dubito
334 1865 376 1950 ⁴).

375 1981 597 2048 Verumtamen
622 1975 868 2044 alliamentnm
896 1975 916 2065 ἢ
947 1990 1012 2058 ιοῒο
1038 1977 1158 2048 πλείοσι
1188 1980 1223 2044 in
1249 1979 1351 2046 verbis
1377 1976 1397 2050 3
1425 2009 1453 2050 rr
1479 1975 1524 2051 dra
1551 1981 1742 2070 ἀμφοτέροις
1769 1979 1847 2067 δόξῃ
1868 1969 1887 2061 ἢ
1909 1987 1975 2058 τοῖς

208 2105 340 2191 πλείοσι,
365 2103 457 2171 τοῦτο
481 2101 594 2187 κύριον
615 2092 705 2178 ἔστιν,
728 2099 787 2168 ἐὰν
813 2098 849 2168 bl
870 2099 1027 2168 ιοῖνανιία
1052 2101 1140 2188 δόξῃ,
1162 2093 1181 2167 d
1208 2128 1235 2166 rr
1257 2091 1301 2166 dn
1323 2102 1354 2168 οἱ
1380 2100 1502 2180 πλείους
1523 2099 1580 2170 καὶ
1601 2093 1647 2170 ὧν
1668 2100 1703 2169 τὸ
1725 2101 1846 2188 τίμημα
1867 2103 1974 2166 πλεῖον

207 2229 251 2312 (v.
273 2224 423 2308 31-33.)
444 2241 505 2287 non
524 2223 592 2286 tam
613 2221 674 2304 ipsi
693 2219 909 2303 interpolatori
929 2237 1022 2303 quam
1049 2220 1175 2286 librario
1196 2218 1341 2285 tribuam
1376 2221 1455 2286 Cum
1476 2221 1559 2286 enim
1578 2220 1760 2304 inutraque
1780 2218 1974 2286 hauddubie

207 2346 324 2412 civium
344 2343 443 2409 classe
463 2341 563 2407 maim
583 2339 799 2424 suffragiomm
818 2357 964 2406 numerus
985 2339 1096 2417 valeat,
1119 2339 1216 2404 emm
1235 2339 1278 2417 id,
1300 2339 1380 2422 quod
1401 2341 1513 2406 maini
1533 2341 1657 2406 lantum
1674 2341 1834 2425 utriusque
1856 2339 1973 2405 ordinis

206 2465 288 2551 parti
302 2463 407 2530 risum
420 2463 478 2536 est,
499 2462 565 2526 iam
579 2462 627 2525 est
641 2460 740 2530 totius
753 2459 870 2524 ordinis
883 2459 1044 2542 utriusque
1059 2457 1229 2524 decretum:
1249 2461 1433 2544 quapropter
1447 2479 1507 2526 non
1523 2479 1651 2545 possum
1674 2479 1745 2526 cum
1767 2458 1971 2525 Schmidtie

205 2585 306 2651 faeere
326 2575 347 2668 ἢ
366 2580 592 2668 <lacrimo
612 2585 676 2657 ιοῒι
696 2577 816 2647 πλείοσι
836 2580 869 2644 et
888 2579 1046 2662 praeterea
1066 2577 1224 2663 ὁκοιέρου
1243 2596 1298 2661 pro
1320 2573 1338 2647 ὅ
1361 2609 1388 2646 ιι
1410 2573 1455 2646 clo
1475 2581 1506 2646 ol
1522 2577 1646 2659 mace
1666 2579 1724 2648 καὶ
1737 2571 1784 2648 ὧν
1797 2579 1878 2644 mibi
1899 2595 1971 2662 pro-

205 2707 348 2793 ponente,
367 2719 555 2788 quamquam
573 2700 603 2768 is
624 2699 744 2783 primus
766 2698 816 2763 bis
837 2697 1021 2766 coniecturis
1040 2698 1120 2763 mibi
1142 2696 1180 2762 de
1200 2697 1302 2763 verbis
1322 2698 1389 2764 illis
1410 2699 1618 2783 suspicionem
1637 2700 1747 2765 morit
1782 2699 1894 2777 Immo,
1908 2697 1971 2764 nisi
2009 2741 2012 2746 -

205 2825 405 2894 vehementer
425 2822 526 2900 fallor,
545 2818 718 2903 antiquitus
738 2835 793 2902 pro
815 2817 846 2884 ol
865 2816 990 2895 πλείους
1010 2819 1052 2903 (r.
1074 2819 1139 2902 33.)
1161 2819 1285 2916 extabat
1312 2818 1397 2884 varia
1417 2819 1511 2886 lectio
1533 2826 1597 2898 ιοῖι
1617 2818 1747 2898 πλείοσι,
1774 2817 1807 2884 id
1832 2817 1914 2902 quod
1935 2817 1971 2886 ut

203 2945 373 3022 notaretur,
395 2944 429 3008 in
446 2929 639 3024 marginibus
659 2935 801 3002 rodiam
824 2936 902 3002 olim
922 2929 1189 3022 monuerant
1211 2945 1275 3016 ιοῖς
1305 2941 1437 3024 πλείοσι,
1470 2939 1552 3023 quod
1577 2915 1689 3024 postea
1714 2941 1782 3006 loco
1809 2940 1911 3008 abeno
1937 2942 1969 3008 in

204 3061 276 3154 ipsa
301 3065 394 3134 rerba
417 3063 558 3149 irrepsit·
595 3058 710 3130 Contra
736 3075 791 3141 pre
817 3055 874 3126 ml
901 3048 948 3126 ὧν
975 3071 1048 3124 amr
1074 3056 1291 3145 Spengelio
1303 3059 1328 3145 ⁶)
1351 3058 1462 3126 malim
1491 3052 1537 3128 ὧν
1564 3059 1632 3129 καὶ.
1674 3060 1840 3128 Vertemus
1869 3063 1969 3128 enim:

204 3189 379 3274 „diejmige
396 3184 557 3252 illebraahl
579 3183 639 3270 (sai
660 3199 693 3246 es
714 3197 777 3246 nun
798 3178 852 3245 der
865 3178 982 3245 armen
1003 3177 1077 3245 oder
1095 3178 1149 3244 der
1161 3179 1311 3264 Reieben)
1332 3180 1449 3246 welche
1470 3179 1610 3264 angleich
1630 3183 1821 3266 (zusammen
1842 3183 1903 3248 mit
1917 3182 1971 3248 der

201 3307 489 3399 gleichstimmigen
508 3301 701 3370 bl‘mderrahl
721 3300 775 3366 der
796 3299 929 3366 anderen
950 3299 1068 3383 (ibose)
1089 3298 1140 3364 die
1160 3298 1275 3364 hbbere
1295 3299 1469 3384 Sebataung
1489 3300 1574 3366 hat“

370 3429 408 3494 In
428 3425 529 3510 eapite
550 3425 695 3508 quarto
714 3420 753 3486 de
773 3419 901 3504 optima,
921 3413 1010 3483 'sieut
1034 3417 1178 3498 diximus,
1205 3418 1394 3484 democratia
1421 3419 1643 3500 constituenda,
1673 3438 1750 3503 quae
1778 3422 1828 3487 est
1850 3423 1970 3507 agrico-

204 3551 316 3630 larum,
337 3547 498 3631 disputans
517 3543 709 3609 mentionem
729 3539 805 3604 facit
818 3537 1005 3604 mantelas
1024 3538 1139 3622 legum,
1158 3537 1269 3620 quibus
1282 3538 1413 3624 popalus
1427 3537 1467 3603 ad
1482 3557 1606 3622 operam
1619 3539 1826 3624 agriculturae
1842 3543 1970 3628 potissi-

203 3689 294 3738 mum
314 3669 446 3736 dandam
464 3665 620 3741 mcitcmr,
649 3661 723 3728 sunl
745 3660 855 3726 audem
881 3659 973 3724 verba
994 3659 1083 3724 haee:
1111 3658 1190 3748 πρὸς
1215 3658 1250 3729 δὲ
1271 3657 1305 3726 rd
1327 3659 1584 3740 κατασκευάζειν
1607 3663 1759 3749 γεωῃὸν
1785 3661 1841 3732 τὸν
1868 3666 1970 3750 διῖιιον

204 3795 269 3863 νῶν
289 3819 322 3861 ιε
341 3788 452 3876 νόμων
473 3781 555 3863 τινὲς
575 3783 638 3850 ιῶν
658 3780 747 3867 παρὰ
769 3785 834 3857 τοῖς
854 3786 1002 3857 παλαιοῖς
1021 3781 1178 3867 κειμένων
1197 3779 1233 3846 τὸ
1251 3777 1393 3866 ἀρχαῖον
1406 3777 1560 3866 χρήσιμοι
1575 3779 1701 3866 πάντες,
1720 3774 1739 3864 ἢ
1762 3783 1797 3851 rb
1819 3778 1900 3861 ὅλως
1919 3801 1973 3870 pupi

204 3917 321 4000 ἐξεῖναι
342 3907 522 3990 esuriebas
543 3901 637 3970 πλείω
657 3901 723 3989 γῆν
741 3900 858 3989 μείρου
879 3898 963 3978 reoda
982 3892 1002 3983 ἢ
1023 3898 1087 3967 o’crd
1110 3927 1195 3977 ιιυος
1216 3898 1315 3967 ιόνιου
1336 3897 1412 3985 πρὸς
1435 3899 1470 3968 τὸ
1491 3895 1580 3969 d'orv
1600 3901 1658 3970 sal
1680 3899 1737 3984 rba
1758 3904 1849 3971 πόλιν
1868 3895 1969 3988 (besl

204 4033 239 4104 fb
264 4027 326 4122 [γε]
347 4029 489 4115 ἀρχαῖον
511 4025 547 4090 ἓν
567 4019 830 4097 wataferdiam
851 4018 1144 4106 νενομοθετημένον
1171 4017 1252 4106 μηδὲ
1278 4023 1394 4088 archiv
1420 4005 1535 4106 ἐξεῖναι
1559 4021 1633 4100 τοὺς
1657 4022 1800 4109 πρώτους
1820 4022 1966 4110 κλήρους,

204 4147 270 4220 ἔσει
289 4147 323 4218 dl
345 4142 401 4216 aad
424 4134 463 4214 dv
482 4143 637 4230 λέγουσιν
655 4139 792 4226 Ὀξύλου
807 4139 920 4225 νόμον
932 4133 1014 4208 εἶναι
1036 4139 1180 4208 ιοιοῦιδν
1206 4164 1234 4206 ιι
1254 4139 1445 4226 δυνάμενος,
1466 4140 1501 4208 τὸ
1522 4141 1567 4226 μὴ
1592 4141 1745 4223 δανείζειν
1761 4139 1806 4222 εἷς
1826 4170 1853 4211 ιι
1873 4146 1969 4233 μέρος

204 4271 260 4354 ἑῆς
277 4239 490 4354 ὗναρχοῦσηο
510 4261 639 4344 ἑκάστῳ
660 4259 745 4348 yde}
765 4259 829 4328 νῦν
853 4257 889 4328 dl
913 4266 967 4326 δεῖ
981 4261 1137 4348 διορβοῡν
1162 4257 1221 4328 καὶ
1242 4261 1286 4344 ιῷ
1303 4257 1484 4346 ’Δφυιαίων
1510 4259 1612 4348 νόμῳι
1641 4262 1752 4340 13192,
1773 4263 1889 4330 6-14.
1931 4265 1969 4332 In

204 4389 316 4476 quibus
343 4414 375 4453 ιε
400 4386 442 4470 (r.
463 4383 507 4468 7.)
535 4378 745 4446 recludentem
765 4379 933 4446 Goraem
960 4380 994 4446 in
1021 4379 1156 4444 editione
1183 4397 1255 4444 mea
1279 4397 1439 4464 perperam
1464 4383 1587 4449 secutus
1612 4384 1676 4450 iarn
1699 4383 1873 4468 particulae
1896 4388 1969 4453 huie

202 4507 372 4578 seeundum
392 4501 620 4570 anacoluthism
639 4498 880 4566 usitatissimam
899 4498 1082 4583 respondere
1099 4496 1133 4568 tl
1155 4501 1198 4585 (r.
1222 4499 1285 4584 15.)
1306 4501 1445 4586 cognovi,
1467 4521 1538 4569 cum
1560 4505 1664 4588 aperte
1682 4506 1820 4588 antiquis
1835 4506 1966 4590 legibus,

203 4633 242 4698 rie
260 4628 371 4713 quibus
392 4621 484 4690 autea
500 4636 602 4686 sermo
624 4621 699 4699 erat,
720 4619 782 4687 οὖν
803 4617 839 4689 al
860 4619 962 4686 rerbis
983 4597 1135 4684 recentior
1154 4619 1387 4703 nphyacorum
1408 4623 1588 4706 opponatur.
1632 4621 1821 4690 Obscuratur
1843 4626 1967 4708 quidem

200 4753 313 4819 mutua
339 4747 470 4812 duorum
495 4740 706 4807 membrorum
730 4739 811 4806 ratio
838 4757 883 4819 eo,
910 4737 1082 4822 quodiam
1107 4739 1203 4824 priori
1230 4739 1277 4806 bis
1298 4737 1333 4809 tl
1355 4740 1507 4808 insenum
1533 4742 1582 4808 est
1607 4763 1635 4810 r.
1662 4744 1816 4811 lustr.
1842 4746 1889 4825 12,
1912 4746 1966 4810 sed

357 4975 399 5038 ¹³)
415 4968 463 5027 οὖιι
480 4981 548 5034 recte
565 4969 663 5022 addidit
680 4967 842 5018 Stabriar.

368 5047 467 5126 ⁴)'Sed
489 5060 521 5110 ds
544 5057 596 5108 alia
618 5071 645 5106 re
667 5053 759 5104 dubins
781 5067 846 5112 sum,
867 5067 927 5103 nam
951 5059 1009 5118 post
1030 5054 1107 5104 rerba
1130 5047 1228 5108 διελεῖν
1243 5052 1301 5122 μέν,
1321 5047 1404 5109 οὕτως
1419 5053 1514 5110 ἔπειτα
1538 5057 1646 5124 (illiba,
1668 5063 1698 5110 lt
1716 5059 1768 5127 sq.)
1792 5061 1913 5114 excidat
1930 5055 1964 5123 δ’,

200 5149 271 5216 qaod
290 5147 373 5215 potnit
389 5145 508 5198 facillime
526 5143 580 5194 deri
598 5149 699 5208 propter
715 5139 903 5191 similitudinem
921 5141 1061 5192 detererem
1078 5141 1108 5193 A
1121 5148 1146 5193 et
1164 5143 1195 5194 A.

370 5233 399 5302 ⁵)
421 5231 610 5284 Arismtelisebe
628 5228 733 5282 Studien
751 5227 801 5278 111.
819 5243 843 5294 p.
864 5231 895 5278 tt
915 5228 954 5294 (in
973 5243 1061 5280 comm.
1080 5228 1168 5297 philol.
1188 5244 1226 5282 ac.
1245 5228 1308 5280 Mon
1337 5229 1385 5282 xl.
1404 5245 1429 5296 p.
1452 5229 1524 5296 108).
