4610 5840
1004 341 1230 417 ..·9..

241 561 372 640 ipseque
395 561 670 622 Schneiderus
694 559 789 620 lateri
813 567 939 620 coaetus
966 565 1015 619 est
1040 561 1072 619 in
1095 559 1261 621 retinenda
1284 559 1434 620 librorum
1459 559 1595 620 lectione
1617 565 1803 622 stmotnrarn
1827 563 1989 626 serbomm

240 667 307 741 ὅσα
335 673 397 742 eiad
428 676 490 764 γῆς
511 672 568 742 καί
590 674 653 741 τῶν
675 671 738 742 olari
761 673 822 760 γῆς
841 673 1022 760 γινομένων
1044 673 1202 760 αἰτιοίρπων
1223 671 1283 760 μὲν
1303 671 1472 760 χρησίμων
1494 677 1530 742 δέ
1555 675 1594 756 (Ι.
1609 673 1651 738 29
1666 674 1727 762 sq.)
1759 698 1821 740 nou
1852 699 1945 762 posse
1972 703 1990 743 e

242 817 277 857 se
311 796 471 876 expediri,
493 815 572 875 quae
595 805 699 856 tamen
722 794 912 856 Guilelmonr
953 800 1060 856 secuto
1091 815 1153 856 non
1192 797 1234 856 ite
1263 794 1405 856 dilfleilis
1440 803 1488 856 est
1532 796 1692 875 expeditu.
1736 797 1870 879 Lapides
1905 793 1988 862 en’lm

243 934 375 993 saxaque
401 924 474 975 sunt
502 923 607 975 terrae
635 913 733 993 ipsius
760 931 846 993 para,
877 913 1002 974 metalla
1033 921 1141 974 contra
1170 933 1208 974 ea
1236 922 1269 974 et
1299 932 1502 992 quaeeunque
1532 920 1695 993 praeterea
1722 935 1760 978 ea
1790 917 1854 979 imo
1885 927 1987 984 terrae

238 1053 366 1095 reoessu
386 1033 614 1094 metallioorum
640 1032 743 1092 labore
765 1033 797 1091 in
821 1032 922 1092 lucem
945 1031 1149 1110 proferuntur
1172 1037 1256 1092 terra
1278 1039 1396 1091 tantum
1419 1031 1525 1112 genita
1548 1027 1626 1114 (ἀπὸ
1647 1030 1709 1116 γῆς
1721 1031 1896 1118 γινόμενα)
1919 1038 1987 1100 iure

239 1152 371 1230 quodam
399 1152 551 1232 appellari
579 1159 720 1230 possunt.
765 1149 965 1230 Lapicidinae
995 1150 1092 1228 igitur
1118 1158 1193 1210 suot
1218 1151 1304 1210 inter
1330 1169 1384 1210 eos
1411 1149 1499 1210 mixti
1527 1151 1652 1228 generis
1678 1163 1841 1229 quaestus,
1873 1159 1926 1237 qul
1948 1179 1986 1222 ex

237 1271 305 1350 ipsa
334 1279 432 1344 terra,
464 1269 591 1330 fodinae
620 1270 703 1330 inter
730 1286 800 1340 eos,
832 1269 885 1345 qui
907 1286 944 1328 ex
968 1268 1061 1328 rebus
1083 1269 1197 1328 talibus
1219 1267 1315 1340 liunt,
1339 1268 1447 1347 quales
1465 1267 1525 1328 etsi
1547 1267 1668 1328 fruetus
1691 1279 1795 1334 terrae
1814 1293 1877 1336 non
1899 1287 1984 1352 sunt,

238 1398 341 1450 tamen
366 1391 397 1448 in
422 1398 507 1450 terra
528 1389 701 1466 gignuntur
726 1385 965 1466 hominibusque
994 1385 1088 1447 utiles
1109 1394 1192 1447 sunt.
1235 1385 1369 1446 Plurolis
1393 1394 1497 1447 autem
1521 1377 1586 1450 ὅσα
1609 1386 1648 1446 ad
1670 1389 1860 1467 singularem
1882 1391 1984 1478 τρίτου

236 1498 317 1582 εἶδος
339 1507 376 1592 (Ι.
390 1503 447 1587 ul)
472 1507 589 1568 relatus
610 1507 690 1566 nihii
712 1525 788 1567 sane
810 1505 879 1565 miri
900 1504 1004 1580 babet,
1026 1523 1095 1565 oum
1118 1505 1245 1565 tertium
1267 1523 1366 1584 genos
1387 1504 1446 1564 hae
1466 1503 1534 1583 ipsa
1555 1505 1677 1565 ratione
1699 1505 1845 1570 inseriae
1860 1515 1984 1593 speeies

237 1625 444 1706 disiungatur.
489 1625 551 1686 Sed
579 1625 760 1704 gravissima
787 1641 895 1698 caroso,
927 1643 986 1702 qua
1017 1624 1112 1684 lectio
1133 1619 1153 1702 ἡ
1173 1619 1312 1706 λατομία
1334 1621 1533 1698 defenditur,
1561 1642 1598 1682 ea
1619 1631 1684 1700 est,
1715 1626 1797 1704 quod
1819 1623 1983 1715 ὑλοτομία,

237 1762 314 1822 quae
339 1762 396 1804 vox
425 1745 555 1823 insuper
584 1762 760 1818 caesuram,
787 1761 850 1804 non
872 1742 902 1801 id
926 1741 1010 1822 quod
1031 1741 1192 1804 sententia
1209 1740 1364 1822 postulat,
1393 1741 1546 1803 culturam
1567 1746 1711 1804 arborum
1733 1745 1906 1825 signifieat,
1933 1751 1983 1812 vir

235 1861 323 1922 mixti
350 1863 442 1922 liuius
470 1863 612 1943 generis,
641 1863 696 1923 sed
729 1861 822 1943 primi
847 1861 951 1940 potius
973 1857 1180 1944 (οἰκειοτάτης
1202 1860 1222 1920 Ι.
1236 1856 1293 1942 20)
1322 1879 1393 1941 pars
1415 1861 1559 1922 habenda
1580 1870 1645 1937 est,
1673 1862 1818 1941 quoniam
1838 1863 1983 1952 γεωργῶ

234 1978 448 2062 πεφυτευμένη
475 1979 512 2065 (Ι.
530 1976 569 2042 17
587 1977 660 2062 aq),
686 1981 719 2040 ni
741 1979 907 2041 admodum
936 1978 1043 2054 lallor,
1070 1998 1133 2040 non
1162 1997 1323 2060 pomorum
1351 1986 1470 2040 tanturn
1494 1979 1645 2041 culturam
1669 1981 1844 2060 signifieat,
1875 2003 1981 2048 rernm

233 2097 327 2157 almul
347 2098 441 2159 etiam
462 2117 530 2160 rem
551 2099 727 2160 saltuariam
751 2097 980 2179 complectitur.

400 2213 447 2278 De
470 2217 615 2278 universo
639 2224 742 2278 autern
765 2216 930 2278 enuntiato
952 2216 1034 2296 quod
1059 2215 1176 2277 ibidem
1200 2215 1318 2295 legitur
1338 2215 1358 2276 l.
1372 2212 1510 2277 35-39
1530 2210 1591 2280 είσΙ
1615 2212 1650 2282 δὲ
1671 2216 1901 2297 τεχνικώταται
1920 2217 1981 2305 piu

232 2333 295 2400 τῶν
328 2333 490 2419 ἐργασιῶν
521 2327 602 2400 ’ὅπου
633 2333 807 2416 ἐλάχιστον
840 2327 932 2424 [τῆς]
964 2331 1081 2417 τυχιῖς,
1113 2329 1358 2418 βαναυσόταται
1389 2329 1415 2398 δ’
1446 2332 1481 2398 ἐν
1510 2323 1562 2408 αἶς
1582 2376 1592 2392 ·
1614 2375 1623 2395 ·
1646 2379 1654 2395 ·
1674 2331 1787 2420 ἀρετῆς
1818 2338 1897 2401 haee
1930 2348 1981 2403 eat

235 2453 478 2515 Solrneideri
500 2454 689 2514 observatio:
722 2453 799 2529 „Ex
818 2453 989 2514 Pioearti
1015 2453 1218 2531 annotatione
1242 2453 1327 2513 dison
1349 2451 1667 2514 Monteeatioum
1689 2455 1863 2532 dubitasse,
1895 2461 1979 2521 unde

231 2581 315 2633 totus
338 2571 389 2632 uie
415 2571 500 2632 loeus
523 2570 583 2632 bno
604 2559 798 2651 pervenerim
820 2571 1026 2633 Piooertus
1049 2573 1118 2652 ipse
1140 2589 1204 2632 non
1226 2570 1379 2632 dubitarit
1400 2590 1471 2632 eum
1495 2573 1724 2634 restituendum
1744 2593 1815 2636 eoae
1836 2577 1870 2637 ln
1892 2597 1979 2642 auam

232 2691 337 2752 sedem
367 2699 437 2770 post
464 2691 557 2751 verba
582 2689 625 2772 τῷ
654 2687 778 2774 σώματι
803 2686 893 2774 μόνῳ
922 2683 1091 2772 χρησίμων
1119 2684 1243 2773 (tul),
1271 2689 1322 2750 oui
1344 2689 1460 2750 iudicio
1482 2691 1640 2751 neminem
1662 2690 1755 2753 laoile
1778 2711 1977 2760 assensurum

227 2828 298 2871 ease
329 2813 458 2890 spero.“
502 2807 567 2868 Nee
597 2827 670 2887 spes
696 2807 816 2868 fefellit
839 2809 939 2868 virum
964 2806 1198 2881 acutissimum
1224 2807 1298 2886 quin
1325 2807 1419 2867 etiam
1448 2807 1518 2888 ipse
1547 2809 1754 2872 l’icoartua
1788 2812 1978 2897 intellegere

227 2927 346 3007 potuit,
381 2945 399 2986 e
428 2945 559 3004 numero
586 2923 649 2991 τῶν
676 2923 839 3011 ἐργασιῶν
867 2920 976 3008 (1.36)
1001 2924 1128 2985 tertium
1158 2925 1237 2986 illud
1263 2925 1432 2986 mixtumve
1453 2944 1553 3006 genus
1574 2929 1704 2991 minime
1724 2930 1884 2994 exclusum
1907 2954 1977 2998 esse

229 3062 332 3125 posse.
376 3043 587 3106 Nihilominus
611 3051 712 3105 tamen
734 3051 821 3104 reete
843 3041 1104 3104 lllonteoatlni
1127 3043 1260 3122 vestigia
1286 3050 1412 3106 seoulus
1439 3051 1498 3106 est.
1541 3046 1644 3110 Verba
1667 3049 1807 3111 enimin
1831 3053 1975 3116 omnibus

226 3173 259 3224 et
281 3163 441 3224 codicibus
463 3171 496 3223 et
517 3163 714 3225 versionibus
736 3170 769 3224 et
788 3161 980 3224 editionibus
1006 3163 1176 3244 praemissa
1198 3159 1357 3224 tte-35
1379 3159 1447 3248 περὶ
1468 3161 1611 3230 ἑκάστου
1631 3161 1666 3231 di
1688 3165 1807 3234 τούτων
1826 3167 1976 3247 καθόλου

224 3275 284 3362 priv
307 3275 422 3366 εἴρηται
444 3276 501 3346 τιαΙ
520 3280 596 3363 νῦν,
618 3277 652 3347 τὸ
676 3275 710 3346 db
731 3277 819 3345 κατὰ
838 3277 934 3366 μίρος
954 3276 1241 3366 ἀκριβολογεῖσθαι
1262 3277 1425 3366 χρήσιμον
1446 3277 1508 3366 μΙν
1530 3277 1607 3368 πρὸς
1630 3280 1687 3359 τὰς
1708 3284 1881 3372 ἐργασίας,
1901 3317 1976 3376 φορ.

227 3397 315 3464 τιιιδν
341 3393 375 3464 δὲ
402 3395 436 3464 τὸ
463 3395 667 3484 ἐνδιατρίβειν
697 3399 866 3461 clausulam
887 3399 956 3460 sine
979 3398 1074 3461 dubio
1098 3399 1244 3460 efficiunt
1267 3417 1394 3475 eorum,
1426 3418 1504 3479 quse
1527 3401 1595 3481 ipse
1618 3403 1657 3464 de
1678 3404 1810 3485 singulis
1832 3410 1975 3490 pertibus

224 3515 476 3602 χρηματιστικῆς
496 3537 560 3579 non
585 3519 617 3578 in
639 3519 765 3582 rotione
783 3513 840 3603 (τὰ
860 3513 938 3601 orode
958 3513 1015 3597 τὴν
1035 3515 1161 3602 γνῶσιν
1184 3517 1205 3578 Ι.
1220 3513 1268 3599 9),
1291 3517 1348 3578 sed
1369 3517 1402 3578 iu
1423 3537 1481 3580 usu
1503 3515 1559 3599 (τὰ
1574 3518 1652 3604 πρὸς
1667 3518 1724 3602 τὴν
1738 3523 1859 3608 χρῆσιν
1879 3527 1902 3590 Ι.
1917 3524 1974 3610 10)

226 3635 419 3697 versantibus
443 3636 629 3698 Aristoteles
652 3637 751 3697 voluit
770 3636 803 3697 ln
831 3635 967 3697 medium
989 3634 1151 3716 proferre,
1184 3655 1259 3716 ergo
1280 3646 1354 3717 post
1377 3656 1414 3698 ea
1434 3637 1496 3699 lam
1518 3657 1581 3700 non
1603 3659 1683 3701 nora
1708 3645 1842 3724 amplius
1863 3647 1903 3709 de
1926 3649 1973 3709 eis

226 3755 368 3816 addenda
390 3761 496 3828 erant,
526 3762 561 3815 ut
582 3755 619 3816 lit
640 3755 672 3814 in
695 3755 858 3815 enuntiato
880 3753 936 3814 illo
957 3760 1110 3833 sequente
1132 3749 1191 3818 εΙσΙ
1212 3749 1248 3820 δὲ
1275 3752 1505 3836 τεχνικώτατα
1527 3784 1558 3822 τι.
1573 3779 1599 3821 τ.
1615 3765 1643 3822 Ι.
1687 3761 1751 3822 Sed
1773 3765 1819 3825 sio
1844 3765 1970 3844 quidem

226 3875 292 3953 ipsa
314 3892 347 3933 re
369 3873 428 3933 hoo
447 3890 570 3952 quoque
591 3873 660 3934 looo
680 3891 754 3933 sera
775 3871 1002 3953 transponendi
1022 3872 1103 3933 ratio
1124 3871 1280 3934 indloatur
1300 3893 1404 3952 neque
1420 3876 1520 3936 omnis
1537 3875 1708 3940 dilfloultas
1722 3880 1824 3942 solum
1839 3883 1972 3958 tollitur,

223 3993 250 4050 si
280 3991 391 4052 luorum
417 3991 547 4052 durorum
576 3992 809 4052 enuntiatorum
840 3990 872 4051 id
900 3989 983 4069 quod
1014 3991 1174 4053 antecedit
1206 3991 1294 4071 sequi
1327 3993 1485 4054 iubemus:
1517 3989 1576 4058 eloi
1600 3989 1634 4061 δΙ
1657 4039 1665 4056 .
1688 4041 1696 4058 .
1720 4043 1727 4058 .
1750 3995 1869 4081 ἀρετῆς.
1903 3997 1971 4085 usqi

223 4107 364 4176 ἑκάστου
385 4103 420 4174 δΙ
439 4105 558 4174 τούτων
636 4153 644 4170 .
667 4103 880 4192 ἐνδιατρίβειν,
901 4127 1008 4172 rerum
1032 4108 1126 4170 otiam
1145 4129 1223 4188 qnae
1245 4110 1383 4172 clausula
1402 4111 1458 4172 llla
1479 4105 1661 4176 continetur
1682 4119 1840 4178 sententie
1863 4121 1971 4200 proxi·-

222 4227 281 4290 mis
302 4227 405 4288 verbis
427 4223 489 4291 ΙτεΙ
510 4221 640 4291 δ’ἐστὶν
658 4223 752 4302 dolore
769 4223 984 4312 γεγραμμένα
1005 4220 1073 4310 περΙ
1094 4224 1213 4292 τούτων
1232 4254 1264 4292 τι.
1280 4252 1306 4291 τ.
1321 4235 1350 4292 λ.
1372 4230 1394 4291 l.
1409 4227 1449 4292 37
1466 4250 1532 4312 sqq.
1554 4233 1601 4294 sie
1624 4234 1742 4314 optime
1757 4236 1970 4301 continuetur.

223 4347 287 4409 Sed
312 4347 352 4407 de
375 4346 485 4407 barum
507 4346 619 4408 artium
641 4365 842 4426 unaquaque,
865 4346 1053 4408 Aristoteles
1076 4347 1195 4425 inquit,
1225 4347 1259 4407 in
1283 4349 1462 4411 universum
1484 4350 1609 4429 quidem
1629 4371 1707 4431 quae
1728 4351 1788 4415 hoo
1812 4354 1883 4417 loeo
1905 4355 1970 4418 dlxi

221 4465 299 4528 milri
322 4482 445 4543 quoque
467 4463 600 4527 dicenda
619 4471 724 4538 erant,
754 4465 879 4546 singulo
898 4485 971 4528 vero
995 4464 1169 4526 aoouratlua
1190 4465 1338 4545 persequi
1360 4474 1395 4526 ut
1417 4468 1521 4548 magni
1543 4469 1694 4530 momenti
1715 4469 1755 4531 ad
1774 4471 1857 4536 vitae
1879 4493 1968 4538 usum

220 4585 266 4644 aio
288 4601 351 4645 non
374 4587 478 4643 tamen
503 4588 553 4643 est
575 4582 777 4664 elegantioris
799 4583 960 4645 doetrinae
982 4583 1058 4644 milri
1080 4583 1206 4665 quidem
1228 4585 1425 4646 trsotandaer
1454 4587 1548 4648 lmmo
1570 4606 1640 4648 oum
1662 4587 1702 4650 de
1724 4590 1771 4651 eis
1793 4591 1968 4672 peculiares

221 4701 293 4764 librl
314 4706 432 4774 extent,
454 4700 492 4760 ad
513 4699 571 4762 bos
591 4701 756 4782 ablegandi
778 4706 869 4778 sunt,
892 4702 1004 4781 qulbus
1025 4687 1112 4763 cordi
1135 4711 1185 4763 est
1205 4703 1381 4764 aoouratlor
1399 4704 1508 4766 talium
1532 4723 1637 4768 rerum
1656 4707 1781 4782 notitia,
1800 4716 1894 4790 atque
1915 4712 1967 4772 in·

220 4837 316 4900 snper
342 4836 421 4898 quae
448 4818 651 4900 singulariter
677 4838 695 4880 a
717 4818 880 4883 nonnullis
906 4821 1080 4901 excogitata
1103 4819 1196 4882 huius
1226 4821 1352 4900 generis
1374 4821 1712 4900 amnemamnem,
1741 4827 1787 4890 ela
1811 4829 1845 4890 ln
1869 4847 1965 4892 unum

219 4936 398 5018 colligenda
418 4943 502 5000 aunt.

385 5053 547 5119 liiusmodl
568 5057 779 5121 machinarum
801 5060 849 5120 rel
869 5058 1034 5123 familiaria
1052 5061 1213 5142 augendae
1234 5080 1327 5124 causa
1347 5063 1586 5143 compositarum
1609 5063 1671 5124 διιο
1693 5063 1809 5126 deinde
1821 5067 1965 5148 exempla

219 5171 426 5254 philosophus
447 5174 554 5252 atiert,
578 5176 723 5240 Thaletis
744 5179 778 5240 in
801 5179 1015 5242 eonduoendls
1036 5181 1161 5242 oleariis
1183 5189 1236 5242 ant
1258 5181 1355 5261 prelia
1378 5189 1431 5241 aut
1452 5181 1617 5262 oplllolboa
1636 5191 1670 5244 et
1688 5184 1847 5248 oulusdam
1867 5185 1964 5266 Syra-

1740 5297 1759 5346 2
