4670 5824
999 416 1254 492 ..15-

406 628 525 693 Deinde
547 628 579 692 in
601 629 702 712 eapite
725 628 886 712 septime
915 628 1086 715 συμβαίνει
1109 627 1135 696 δ’
1159 627 1320 716 εὐλόγως,
1354 626 1469 706 1279e,
1491 627 1543 704 39,
1571 626 1605 691 id
1626 627 1707 710 quod
1734 630 1853 713 primite
1875 631 2015 698 miniad-

237 747 332 812 vertit
353 747 573 832 Spengeliue
587 747 637 831 ³⁸),
660 747 694 812 in
712 747 964 832 praecedentibus
986 742 1067 816 ὅταν
1088 743 1124 815 di
1145 747 1179 814 τὸ
1201 747 1324 828 πλῆθος
1344 744 1422 831 πρὸς
1441 743 1478 813 ed
1496 745 1609 814 κοινὸν
1624 747 1821 831 πολιτεύηται
1836 748 2014 837 συμφέρον,

238 871 382 934 καλεῖται
404 865 438 934 rd
461 863 574 934 κοινὸν
604 859 710 952 ὄνομα
732 866 847 934 ιιασῶν
877 867 939 934 ιῶιι
967 869 1148 944 πολιτειῶν,
1176 864 1315 932 πολιτεία
1336 867 1378 948 (1.
1402 862 1568 949 37-39.)
1589 882 1651 930 nen
1671 864 1783 931 hebere
1802 865 1842 932 ad
1863 866 1945 950 qued
1964 887 2014 932 re·

238 984 382 1063 ferantur,
406 1003 443 1049 ex
464 984 570 1052 addita
592 985 826 1050 confirmatione
848 980 907 1052 ἕνα
924 983 985 1072 μὲν
1006 984 1074 1073 γὰρ
1096 983 1257 1070 διαφέρειν
1279 981 1348 1050 και’
1373 983 1487 1070 ἀρετὴν
1509 975 1676 1071 ἢόλῖγους
1694 987 1869 1071 ἕοδὲχααι,
1890 985 2014 1065 πλείους

237 1103 263 1172 δ’
292 1097 353 1186 ἤδη
378 1104 524 1188 χαλεπὸν
553 1105 757 1193 ἠκριβῶσθαι
782 1104 860 1192 πρὸς
888 1104 1002 1170 πᾶσαν
1026 1102 1159 1190 ἀρετήν,
1189 1101 1275 1169 ἀλλὰ
1304 1101 1449 1188 μάλιστα
1475 1101 1532 1182 τὴν
1558 1103 1745 1190 πολεμικήν·
1774 1098 1856 1188 αὕτη
1882 1105 1952 1192 γὰρ
1978 1107 2013 1172 ἕο

238 1222 351 1304 πλήθει
371 1222 495 1310 γίνεται
518 1226 559 1309 (v.
581 1225 622 1288 39
644 1225 725 1310 sqq.)
747 1224 825 1288 eatis
846 1224 982 1307 apparet
1025 1222 1107 1306 Ergo
1129 1223 1212 1287 reete
1233 1222 1376 1286 laeenam
1396 1221 1467 1286 ente
1488 1240 1524 1286 ea
1544 1223 1655 1288 statuit
1677 1221 1863 1290 Thnrotns
1878 1227 1937 1310 ⁸⁹),
1959 1225 2014 1290 sed

237 1343 340 1410 minus
356 1345 439 1408 reete
455 1343 522 1407 sole
540 1343 670 1426 politiae
697 1344 833 1408 nominis
864 1341 1067 1426 explicatione
1094 1359 1163 1406 eam
1185 1341 1539 1425 exponemuset,
1567 1340 1601 1406 id
1627 1341 1708 1423 quod
1733 1341 1802 1408 fieri
1827 1343 1935 1408 vetent
1962 1363 2012 1408 se·
2086 1338 2088 1344 ’

236 1461 371 1543 quentia
416 1461 531 1526 Contra
551 1461 725 1528 rectissime
746 1461 968 1547 zelleruse)
990 1479 1006 1525 e
1029 1460 1260 1526 confirmatione
1279 1459 1342 1525 iste
1365 1462 1527 1543 sequente,
1557 1460 1632 1544 quid
1651 1479 1688 1526 ee
1708 1462 1919 1541 confirmetur,
1943 1479 2012 1526 eru-

237 1579 350 1645 endum
379 1598 447 1644 esse
474 1579 643 1658 intellexit,
671 1583 705 1646 et
732 1599 851 1656 vereor,
880 1581 917 1645 ut
938 1578 1110 1667 πολεμικὸν
1132 1579 1235 1645 solnm
1256 1579 1415 1662 epitheton
1436 1597 1471 1644 eo
1500 1581 1625 1644 auctore
1646 1581 1718 1645 ante
1739 1581 1861 1664 risione
1882 1582 1924 1665 (ι.
1947 1579 2011 1666 37.)

237 1697 393 1764 adiectum
419 1697 511 1782 plane
535 1699 640 1762 omnia
668 1717 704 1764 ae
732 1698 893 1783 perspicua
920 1698 1037 1764 reddat
1080 1699 1180 1763 Immo
1208 1697 1356 1764 bellicum
1383 1717 1480 1783 genus
1507 1700 1541 1763 in
1562 1697 1683 1782 politiis
1710 1699 1793 1766 eires
1815 1717 1882 1764 esse
1903 1699 2010 1782 solere,

238 1835 309 1884 eum
336 1819 495 1901 praeterea
521 1818 581 1884 hoe
609 1818 734 1901 quidem
762 1819 831 1884 loeo
859 1815 996 1884 nondum
1022 1817 1086 1882 elia
1113 1817 1291 1882 delinitione
1318 1817 1380 1882 nisi
1402 1837 1418 1882 e
1440 1836 1567 1883 numero
1587 1818 1808 1902 imperantium
1830 1819 1941 1884 hansie
1962 1817 2011 1882 di-

238 1954 341 2002 rersas
357 1935 545 2021 reipublicae
564 1937 679 2002 formae
702 1937 920 2020 distingueret,
943 1956 1005 2002 non
1025 1937 1059 2001 in
1078 1937 1148 2021 ipse
1168 1937 1226 2001 line
1248 1936 1446 2002 distinetione
1468 1954 1592 2002 monere
1612 1938 1800 2004 Aristoteles
1821 1938 1934 2022 potuit,
1956 1936 2011 2002 sed

234 2057 344 2138 postea
363 2055 496 2133 demum,
516 2057 552 2120 nt
573 2075 611 2122 ne
633 2057 691 2122 hoe
706 2057 832 2140 quidem
845 2056 913 2122 loeo
931 2055 1022 2140 plene
1038 2055 1180 2121 deficeret
1199 2054 1370 2120 aeenretior
1387 2055 1434 2119 rei
1446 2053 1595 2134 definitio,
1615 2055 1679 2145 tale
1700 2055 1818 2140 aliquid
1833 2057 1900 2122 sine
1912 2055 2005 2122 dubio

236 2173 366 2240 eddidit.
409 2174 540 2240 Aeeedit
559 2177 597 2240 ut
616 2177 688 2259 post
708 2175 922 2247 nummatiee
948 2173 1084 2266 nominis
1107 2175 1343 2259 explieetionem
1364 2177 1405 2259 (r.
1429 2175 1471 2240 35
1493 2176 1573 2261 sqq.)
1594 2176 1694 2241 multo
1717 2177 1813 2242 etiem
1834 2175 1936 2260 magis
1958 2193 2010 2240 ee-

238 2292 310 2362 dem
336 2293 481 2377 politiam
511 2312 600 2377 egere
629 2293 793 2360 'ihnroto
822 2295 1048 2361 eonoedendnm
1075 2295 1134 2371 sit,
1170 2296 1222 2372 nt,
1257 2312 1310 2359 eur
1336 2312 1498 2360 commune
1526 2295 1666 2361 omnium
1694 2296 1863 2362 formarum
1897 2313 2009 2360 nomen

236 2414 414 2498 angustiore
435 2431 527 2478 sensu
547 2413 587 2478 ed
607 2415 687 2480 hane
707 2433 801 2480 unam
822 2415 1040 2493 tmnsferatnr,
1058 2413 1098 2480 ad
1118 2413 1273 2497 liquidum
1292 2413 1539 2500 portuense).
1582 2414 1663 2499 lirgo
1693 2432 1771 2498 qnae
1798 2415 1955 2499 periemnt
1976 2415 2010 2480 in

236 2533 339 2616 priore
367 2531 454 2616 perte
480 2533 560 2598 hane
595 2533 633 2598 de
662 2508 788 2598 nomine
815 2533 944 2617 politiae
972 2533 1235 2610 dmsedetionem
1271 2533 1303 2596 in
1331 2533 1502 2618 posteriore
1528 2532 1699 2617 pleniorem
1722 2533 1811 2598 illem
1838 2535 1937 2618 ipsius
1962 2535 2009 2599 rei

237 2650 449 2717 definitionem
466 2652 655 2718 continuisse
674 2650 826 2718 videntur.

403 2769 454 2835 Ad
482 2772 701 2849 eemretiores,
728 2772 764 2835 ut
792 2771 859 2854 ipse
886 2769 1049 2854 profitetur
1079 2757 1201 2847 12791,
1231 2769 1270 2834 11
1293 2786 1377 2852 sqq.‚
1406 2768 1444 2834 de
1460 2770 1555 2835 variis
1576 2770 1762 2854 reipublicae
1784 2770 1893 2836 formis
1915 2769 2007 2834 insti-

236 2889 366 2955 tuendus
400 2891 433 2954 in
458 2891 551 2956 initio
584 2891 696 2975 eapitis
726 2890 850 2956 notari
880 2889 1069 2958 transiturus
1096 2889 1210 2974 repetit
1239 2889 1426 2955 Aristoteles
1457 2889 1710 2976 degenernterum
1739 2890 2007 2978 (παραβάσεων)

235 3009 457 3090 definitionem,
479 3031 508 3075 r.
534 3011 572 3076 16
595 3030 672 3095 sqq,
697 3011 770 3094 quia
789 3012 821 3076 in
843 3011 911 3096 ipsa
935 3011 996 3076 heo
1014 3007 1192 3075 definitione
1213 3009 1313 3093 prima
1331 3009 1470 3092 quaestio
1493 3009 1646 3074 versetur:
1668 3009 1749 3092 quod
1763 3011 1800 3074 ut
1821 3009 2008 3093 exprimetur

237 3129 340 3193 verbis
362 3128 466 3216 αρῶιη
494 3129 521 3198 δ’
550 3129 670 3218 ἀπορία
698 3131 775 3218 πρὶς
794 3131 850 3198 τὸν
872 3127 1042 3216 διορισμὸν
1063 3127 1166 3210 ἐστίν,
1192 3148 1221 3194 1.
1245 3129 1302 3208 20,
1330 3129 1381 3193 vix
1403 3127 1519 3196 suffieit
1541 3129 1784 3196 demonstrativa
1802 3127 1927 3195 artioni
1948 3128 2009 3206 vie,

234 3248 291 3314 sed
312 3249 429 3314 utnon
449 3248 488 3316 de
508 3249 664 3328 omnium,
693 3249 747 3314 sed
769 3249 806 3314 de
828 3247 1082 3332 degeneraturam
1102 3247 1226 3313 tentem
1247 3247 1416 3313 formarum
1444 3247 1623 3314 delinitione
1652 3249 1830 3332 sompnlnm
1850 3246 2008 3332 prolatum

235 3369 278 3434 iri
298 3369 375 3434 setis
396 3371 551 3453 appareat,
574 3369 602 3434 si
626 3369 696 3452 quis
713 3369 846 3438 :odron
866 3369 939 3433 ante
956 3365 1013 3436 viv
1035 3366 1197 3446 desiderat,
1221 3385 1278 3451 ego
1299 3386 1361 3432 non
1383 3367 1516 3432 nimium
1537 3366 1567 3432 ei
1588 3366 1772 3451 refregabor.

402 3487 505 3553 Multo
526 3491 633 3553 temen
652 3487 770 3553 meiere
791 3507 861 3552 eum
884 3487 996 3552 lidueio
1015 3486 1094 3552 item
1118 3503 1180 3551 nno
1198 3486 1290 3551 verbo
1311 3484 1449 3551 addendo
1471 3479 1538 3554 adv
1558 3523 1600 3535 -
1619 3485 1855 3575 προσαγορεύοι
1876 3485 2007 3550 126-

235 3605 293 3684 28,
321 3606 456 3672 sanmde
484 3625 550 3672 esse
571 3625 690 3673 eenseo.
745 3606 779 3672 Si
808 3607 892 3672 enim
920 3604 1153 3695 προσαγορεύει
1178 3605 1211 3670 in
1237 3604 1418 3670 melioribus
1445 3603 1603 3670 eodieibus
1626 3605 1833 3684 inveniretur,
1861 3605 1944 3669 reete
1972 3621 2006 3668 se

234 3725 363 3792 haberet
383 3727 557 3794 emendatio
579 3726 713 3792 Moreli
734 3726 772 3791 ab
794 3725 936 3791 omnibns
956 3723 1137 3808 posterioris
1154 3723 1303 3807 temporie
1328 3723 1498 3788 editoribus
1521 3726 1643 3807 recepta
1657 3724 1897 3813 προσαγορεύῃ,
1917 3740 2005 3807 prae-

234 3845 346 3911 sertim
367 3865 438 3911 oum
459 3845 519 3914 ἐὰν
539 3864 594 3930 pro
616 3838 682 3914 κᾶν
704 3863 723 3910 a
744 3845 791 3909 M·
818 3845 851 3909 et
870 3843 995 3908 vetuste
1012 3842 1216 3908 translatione
1241 3843 1272 3906 et
1292 3842 1423 3907 forsitan
1444 3842 1541 3908 etiem
1558 3844 1597 3908 ab
1610 3843 1740 3909 Aretino
1761 3843 1914 3920 oileratm,
1934 3859 2006 3906 enm

235 3981 309 4029 rero
329 3965 565 4054 προσαγορεύοι
589 3965 756 4050 praebeant
781 3965 830 4028 Μ’*
843 3964 979 4027 P¹·¹·⁸·⁴·
1006 3963 1051 4040 et,
1078 3963 1115 4027 ut
1136 3961 1271 4040 videtur,
1298 3960 1473 4028 Guilelmus
1500 3963 1593 4045 atque
1620 3963 1783 4042 Aretinns,
1810 3961 1887 4026 haee
1911 3961 2004 4024 lentio

231 4082 341 4167 ntique
355 4083 515 4150 retinenda
536 4086 570 4152 εἰ
587 4087 660 4169 post
680 4077 747 4152 miv
767 4084 884 4149 inserto
906 4082 1054 4149 servanda
1075 4083 1133 4146 est

401 4201 468 4267 Nee
499 4219 561 4265 non
587 4203 700 4268 tertius
726 4203 857 4268 fortasse
890 4203 982 4268 huius
1011 4203 1122 4287 eapitis
1150 4201 1236 4267 loeus
1263 4200 1391 4266 eandem
1418 4200 1549 4283 requirit
1576 4199 1772 4266 medieinam.
1816 4199 1895 4264 Cum
1921 4199 2005 4263 enim

231 4341 262 4386 1.
277 4321 319 4386 39
334 4339 380 4405 eq.
402 4321 450 4389 διὸ
472 4318 529 4389 mi
552 4321 592 4388 od
613 4321 786 4409 συμβαίνει
806 4320 866 4400 τὰς
882 4321 1039 4409 ῥηθείσας
1056 4321 1160 4398 αἰτίας
1180 4320 1334 4410 γίνεσξιαι
1357 4320 1516 4406 διαφορᾶς
1530 4319 1680 4404 legantn,
1703 4320 1765 4386 nisi
1779 4317 2005 4384 admittendam

230 4459 301 4506 esse
325 4439 422 4505 talem
448 4441 651 4520 rimatorem,
679 4442 719 4505 ut
740 4440 845 4518 αἰτίας
869 4441 964 4506 simul
989 4441 1123 4507 subiecti
1151 4442 1183 4506 et
1210 4440 1380 4526 praedicati
1400 4458 1527 4505 munere
1548 4441 1706 4526 iungetur,
1736 4443 1830 4510 tertis
1855 4442 2004 4526 exemplis

230 4557 503 4636 demonstrabitur,
525 4561 589 4636 aut,
611 4559 639 4624 si
660 4559 800 4626 retmtee
822 4559 1036 4626 translationis
1056 4560 1243 4644 scripturam
1264 4562 1425 4646 διαφορᾶς
1444 4561 1619 4644 probemus,
1642 4560 1778 4648 ἀπορίας
1797 4562 1870 4626 ente
1890 4560 2004 4643 αἰτίας,

400 4783 447 4847 18)
465 4781 549 4834 Urbes
567 4782 608 4833 die
626 4779 721 4832 Politilr
740 4781 785 4831 des
805 4779 963 4844 Aristotelen,
982 4783 1008 4832 in
1026 4781 1124 4833 Comm-
1143 4782 1232 4849 philol.
1253 4783 1325 4834 eund.
1344 4783 1447 4834 Mense.
1466 4782 1500 4835 V.
1519 4799 1543 4850 p.
1556 4787 1597 4834 211.
1618 4800 1642 4834 ιι.
1663 4789 1704 4835 2⁴.

400 4867 448 4929 39)
467 4867 619 4935 1..1.p.rr
638 4883 694 4934 sqq.

397 4958 443 5018 ⁴⁰)
462 4954 628 5021 Philosophia
646 4956 690 5006 der
709 4953 835 5006 Grieriren
853 4949 908 5004 11³.
927 4969 953 5020 p.
965 4958 1024 5004 1158.
1043 4969 1068 5004 ιι.
1079 4958 1103 5004 2.
1122 4953 1176 5019 (ed.
1194 4953 1244 5020 ΙΙ.)

401 5039 731 5106 41)Qusmqnemrorem
755 5039 829 5090 huius
848 5040 882 5089 rei
901 5040 1024 5090 ιιιὶοιιοιιι
1042 5055 1123 5106 neque
1144 5040 1199 5107 ipse
1222 5041 1390 5100 Therotns
1408 5041 1565 5108 exploravit,
1588 5045 1615 5095 in
1640 5045 1730 5111 politi}
1754 5045 1881 5112 politicum
1905 5051 2003 5096 mutum

227 5128 359 5188 virtutem,
385 5141 450 5186 uon,
474 5127 539 5176 sieut
563 5127 589 5176 in
612 5140 691 5189 regno
715 5134 741 5175 et
765 5123 939 5186 aristocratia,
964 5125 1061 5177 virilem
1086 5125 1183 5178 civibus
1201 5141 1257 5178 οιιο
1280 5126 1349 5177 hund
1367 5127 1470 5192 quidem
1488 5143 1591 5195 prorsus
1608 5129 1675 5182 talen
1694 5141 1775 5193 retus,
1799 5133 1843 5184 red
1862 5145 1950 5184 revere
1967 5131 2003 5183 elo

226 5212 407 5281 perfeetum
426 5213 457 5262 in
477 5213 604 5264 modurn
623 5210 739 5262 nonnisi
759 5209 890 5272 bellicam,
917 5211 941 5260 id
961 5218 999 5261 est
1017 5219 1042 5260 et
1059 5211 1139 5262 virilis
1157 5221 1182 5264 et
1199 5213 1281 5266 civilio
1304 5221 1415 5280 partem,
1441 5215 1515 5266 tribui
1537 5216 1571 5266 et
1588 5215 1726 5268 Aristotele
1744 5217 1895 5284 neglegens,
1922 5233 2003 5284 neque

224 5313 276 5364 ego
294 5297 413 5349 hariolari
433 5313 508 5362 quam
528 5311 579 5347 rem
597 5296 672 5362 pinne
690 5296 811 5345 insenum
829 5295 855 5345 in
874 5297 958 5348 medio
976 5297 1118 5363 relinquere
1136 5299 1230 5349 metim.
