4670 5824
1118 335 1347 410 ...4-

354 541 455 628 με’νου
474 544 542 633 γὰρ
564 545 622 613 τοῦ
643 539 723 614 ὅλου
743 546 807 615 οὐκ
827 543 916 615 ἕσται
940 547 1019 625 ποὺς
1041 546 1116 616 odel
1137 549 1219 636 χείρ,
1242 553 1270 617 εἰ
1287 551 1332 636 μὴ
1354 549 1545 638 ὁμωνύμως,
1568 547 1674 636 ὥσπερ
1695 549 1728 620 εἴ
1743 581 1788 630 τις
1802 555 1890 640 λέγοι
1907 553 1963 637 τὴν
1978 553 2117 634 λιθίνην·

354 667 575 749 διαφθαρεῖσα
596 663 665 752 γὰρ
687 659 777 733 ἔσται
799 667 943 748 τοιαίτη·
970 668 1078 733 πάντα
1107 666 1141 736 δὲ
1164 672 1207 754 τῷ
1234 666 1318 758 ἔργῳ
1335 665 1466 755 ὥρισται
1497 667 1553 736 καὶ
1577 672 1614 757 τῇ
1631 670 1796 756 δυνάμει,
1824 666 1907 740 ὥστε
1927 673 2037 759 μηκέτι
2060 701 2119 742 τοι.

354 780 441 847 αὔτα
458 773 538 850 d'nre
557 783 598 851 οὖ
618 785 747 853 λεκτέον
769 783 808 852 τὰ
828 783 914 851 αὐτὰ
935 778 1016 852 εἶναι
1039 785 1105 853 ἀλλ’
1129 787 1300 874 ι’·μώνυμα,
1325 790 1441 864 12533,
1466 789 1599 852 18-24.
1643 789 1680 853 In
1694 791 1804 873 quibus
1819 793 1903 856 recto
1922 791 2118 858 Schneide-

237 939 241 950 .
355 915 415 961 rus
434 917 488 982 pro
511 899 549 982 δι)
570 921 599 967 v.
614 904 662 966 19.
686 902 810 986 scripsit
832 901 881 970 di.
925 903 1007 968 Nam
1030 922 1106 987 quae
1133 905 1192 971 hoc
1213 907 1281 971 loeo
1311 906 1469 972 contendit
1488 908 1676 973 Aristoteles
1697 927 1760 974 nou
1781 929 1798 974 e
1817 912 1919 976 vorbis
1937 911 2119 995 praeceden-

355 1017 441 1082 tibus
468 1020 701 1099 concluduntur,
735 1021 790 1087 sed
818 1023 1017 1104 sequentibus
1044 1023 1169 1088 demum
1194 1025 1230 1093 ιὸ
1257 1027 1324 1114 γὰρ
1352 1021 1429 1093 ἕλον
1454 1037 1555 1094 ml
1587 1047 1614 1092 v.
1639 1029 1679 1091 20
1702 1047 1768 1110 sqq.
1795 1029 2057 1110 demonstrantur,
2089 1031 2120 1094 et

355 1137 519 1221 postquam
540 1139 676 1205 ostendit
699 1141 902 1225 philosophus
931 1142 1091 1206 ciuitatem
1119 1147 1228 1208 natura
1247 1162 1313 1208 esse
1339 1145 1557 1227 hominemque
1586 1163 1653 1210 osse
1672 1149 1782 1212 natura
1804 1150 1993 1214 animantem
2014 1149 2120 1234 politi·

357 1275 443 1333 cum,
471 1257 592 1337 12521),
615 1261 832 1337 30-1253a,
862 1260 890 1336 7,
926 1261 957 1324 et
983 1261 1085 1344 magis
1107 1261 1232 1344 quidem
1253 1281 1346 1345 quem
1375 1281 1481 1327 omnes
1503 1265 1618 1330 bestias
1650 1269 1804 1350 gregatim
1826 1269 1979 1344 viventes,
2007 1270 2120 1344 1253a,

358 1377 470 1455 7-18‚
490 1379 555 1444 iam
575 1377 615 1445 ad
635 1397 702 1444 rem
722 1381 814 1463 plane
834 1397 945 1444 nouam
967 1379 1196 1465 transgrediens
1215 1382 1377 1447 civitatem
1399 1383 1495 1448 ctiam
1519 1385 1628 1448 nutura
1649 1385 1784 1468 priorem
1807 1406 1874 1452 esse
1896 1389 1928 1452 et
1951 1387 2071 1452 familia
2090 1388 2122 1451 et

356 1497 488 1581 singulis
509 1498 686 1563 hominibus
708 1499 831 1581 prohat,
860 1518 888 1564 r.
909 1499 1041 1564 19-29.
1085 1499 1172 1566 Unde
1195 1502 1348 1584 sequitur,
1375 1500 1408 1566 id
1430 1501 1511 1584 quod
1530 1501 1592 1566 alio
1615 1502 1722 1588 looo²)
1745 1506 1867 1581 monui,
1898 1506 1932 1569 in
1952 1507 2054 1571 verbis
2073 1501 2130 1573 dn-

355 1613 416 1698 μὲν
435 1607 533 1699 οὖνὴ
560 1617 649 1692 πόλις
673 1617 760 1701 [καὶ]
789 1619 885 1701 φύσει
911 1619 996 1704 [καὶ]
1020 1621 1170 1706 πρότερον
1191 1613 1209 1702 ἢ
1230 1615 1382 1706 ἕκαστος,
1409 1623 1507 1704 δῆλον
1526 1641 1556 1685 v.
1573 1622 1613 1686 25
1633 1640 1679 1704 sq.
1701 1624 1827 1688 tolerari
1848 1642 1939 1709 posse
1960 1627 2045 1709 prius
2066 1622 2121 1692 seui

357 1735 520 1800 orotusta
545 1736 748 1802 translatione
776 1738 808 1801 et
836 1737 991 1802 codicibus
1014 1738 1157 1803 affinibus
1178 1739 1224 1804 M·
1246 1740 1284 1802 Pl
1306 1740 1404 1804 Paris.
1427 1741 1504 1817 963,
1529 1740 1583 1806 sed
1609 1741 1695 1806 nullo
1718 1741 1810 1806 modo
1837 1743 1990 1825 meterius
2016 1760 2035 1807 a
2057 1742 2122 1808 solo

356 1853 396 1917 1²²
416 1853 495 1919 libro
509 1856 534 1939 ³)
557 1855 723 1921 omissum:
753 1876 845 1940 quare
871 1857 974 1921 nescio
1006 1877 1045 1922 an
1072 1859 1205 1924 fontium
1238 1862 1414 1926 nostrorum
1436 1861 1616 1926 auctoritati
1641 1861 1777 1926 maxime
1807 1860 2067 1945 obtemperemus,
2095 1861 2124 1925 si

355 1975 510 2057 posterius
531 1977 653 2041 tautum
676 1977 869 2042 secludamus
879 1981 916 2062 ⁴).
944 1979 1107 2044 Praeterea
1128 1982 1232 2046 autem
1246 1999 1361 2058 vereor,
1383 2000 1421 2046 ne
1436 1981 1579 2064 corrupta
1593 1981 1636 2045 sit
1649 1980 1801 2064 particula
1816 1979 1850 2050 ol
1865 2000 1893 2046 v.
1906 1983 1956 2059 23,
1979 1980 2124 2063 quoniam

358 2096 446 2159 retus
467 2095 618 2179 interpres
640 2095 831 2174 Guilelmus,
860 2097 896 2160 ut
925 2099 1011 2162 cuius
1039 2098 1159 2164 codices
1181 2118 1200 2164 a
1221 2118 1272 2164 me
1294 2098 1428 2164 adhibiti
1448 2117 1554 2164 omues
1575 2116 1636 2163 uuo
1658 2117 1755 2181 eoque
1775 2117 1837 2164 nou
1858 2098 2025 2164 admodum
2044 2099 2123 2164 bono

358 2213 514 2298 lipsiensi
536 2217 617 2280 1337
640 2218 765 2301 excepto
795 2235 856 2281 non
884 2219 1061 2295 ,‚cutom⁴‘‚
1091 2218 1145 2284 sed
1174 2220 1318 2296 „enim“
1340 2219 1483 2296 offerant,
1512 2215 1588 2305 γὰρ
1610 2217 1644 2280 in
1667 2219 1833 2302 exemplari
1854 2238 1908 2284 suo
1931 2218 2047 2285 Graeco
2074 2219 2125 2282 in-

362 2333 483 2399 uenisse
511 2333 678 2420 videtur⁶).
723 2335 808 2416 Quae
835 2337 928 2401 lectio
956 2337 1045 2403 valde
1077 2337 1157 2403 mihi
1178 2339 1294 2422 placet,
1330 2357 1416 2415 cum,
1452 2337 1481 2401 si
1504 2353 1573 2400 eam
1601 2337 1801 2419 recipiamus,
1832 2336 1864 2402 id
1891 2337 1972 2420 quod
1999 2338 2126 2404 demon-

359 2453 508 2519 stratione
530 2455 658 2538 indiget,
685 2457 795 2539 pedem
816 2462 1002 2539 manumque
1024 2457 1169 2522 exstincti
1195 2458 1330 2542 corporis
1353 2457 1493 2540 (τοιαύιη
1515 2475 1544 2521 r.
1565 2457 1633 2542 23),
1661 2457 1757 2521 etiam
1778 2455 1807 2522 si
1828 2476 1882 2541 per
1903 2476 1937 2523 se
1958 2458 2127 2524 incolumia

359 2571 432 2650 sint,
453 2573 521 2657 ipsa
544 2593 610 2639 esse
626 2577 767 2659 corrupta
788 2579 1022 2666 (decenapsi‘ca
1037 2596 1066 2642 v.
1083 2578 1175 2662 22)q
1197 2579 1229 2640 et
1251 2595 1318 2641 eam
1339 2578 1440 2661 ipsam
1462 2577 1501 2641 ob
1516 2593 1657 2640 caussam
1676 2593 1738 2640 non
1758 2576 1850 2641 aliter
1863 2579 1955 2658 atquc
1969 2575 2128 2661 lapideum

359 2689 469 2775 pedem
493 2694 524 2758 et
545 2693 699 2778 lapideam
721 2715 847 2761 manum
867 2698 991 2762 nomine
1012 2698 1134 2761 tantum
1156 2715 1217 2761 non
1242 2714 1276 2760 re
1298 2714 1352 2780 pro
1375 2695 1452 2780 pede
1473 2712 1627 2776 manuque
1645 2711 1712 2759 esse
1736 2693 1884 2773 habenda,
1906 2713 2013 2779 reapse
2026 2713 2128 2780 argu·

358 2811 464 2876 mento
483 2811 663 2878 firmissimo
685 2810 924 2881 demonstretur:
946 2815 1083 2900 proiecto
1106 2813 1189 2880 euim
1204 2817 1345 2898 corrupta
1364 2815 1445 2891 sunt,
1468 2814 1580 2898 quippe
1601 2831 1679 2896 quae
1693 2812 1874 2878 facultatem
1892 2832 2002 2878 manus
2021 2812 2127 2898 pedis·

360 2939 420 3013 que
447 2951 585 2998 exercere
611 2936 739 3017 etopus
763 2935 876 3000 talium
902 2936 1112 3000 membrorum
1135 2935 1293 3018 proprium
1314 2933 1458 3017 perficere
1485 2938 1647 3018 nequeant.
1692 2932 1744 2997 Sic
1771 2933 1868 3018 igitur
1887 2932 1963 3011 fere',
1990 2931 2127 2997 sirecte

361 3037 474 3127 iudico,
496 3051 581 3115 locus
604 3052 663 3116 erit
678 3051 859 3117 Gennanioe
880 3053 1064 3118 reddendus:
1087 3053 1195 3130 „Auch
1217 3053 1321 3116 triber
1337 3053 1409 3116 aber
1430 3071 1491 3117 ron
1511 3053 1612 3118 Natur
1633 3054 1677 3118 ist
1691 3053 1744 3118 der
1760 3053 1848 3118 Staat
1862 3052 1909 3116 als
1928 3051 1978 3116 die
1993 3050 2128 3116 Familia

362 3166 445 3247 „und
460 3169 548 3255 jeder
568 3169 714 3235 Einzelne
736 3189 796 3235 von
816 3191 883 3236 uns.
926 3173 1015 3236 Danu
1037 3170 1092 3236 das
1112 3171 1214 3237 Gauro
1236 3171 1279 3236 ist
1300 3172 1498 3255 nothwendig
1512 3171 1615 3237 friher
1637 3171 1683 3235 als
1699 3172 1751 3236 der
1765 3171 1866 3248 Theil,
1884 3169 1956 3235 weil
1974 3170 2017 3253 ja,
2037 3188 2128 3234 wenn

279 3286 285 3296 '
362 3288 436 3368 „der
455 3309 550 3374 garze
572 3290 648 3356 Leib
670 3290 764 3354 dobin
785 3291 844 3368 ist,
871 3292 948 3356 auch
970 3291 1057 3355 nicht
1084 3291 1173 3355 mehr
1193 3290 1272 3354 Fuss
1292 3291 1372 3354 noch
1399 3291 1491 3355 Hand
1512 3291 1650 3368 eristirt,
1677 3308 1782 3355 ausser
1805 3290 1875 3355 dem
1897 3289 2019 3355 Nomen
2038 3289 2128 3368 nach,

362 3408 492 3493 ,gerade
513 3411 573 3473 wic
593 3413 666 3474 nien
688 3410 766 3474 auch
788 3411 855 3474 eine
877 3411 1030 3474 steinerne
1055 3409 1147 3474 Haud
1168 3410 1247 3475 noch
1268 3409 1336 3473 eine
1362 3409 1454 3475 Hand
1473 3411 1583 3487 nonnt,
1609 3409 1688 3474 deun
1713 3409 1744 3473 in
1766 3409 1931 3474 Wahrheit
1956 3409 2000 3474 ist
2028 3408 2128 3474 damit

363 3528 459 3605 „eben
487 3528 566 3592 auch
587 3528 637 3592 die
664 3529 756 3594 Hnnd
783 3531 964 3595 remichtet.
1007 3529 1096 3594 Denu
1124 3529 1173 3593 die
1201 3529 1396 3614 begriifliohe
1427 3529 1645 3613 Bestimmuug
1669 3527 1753 3592 eines
1777 3526 1870 3611 joden
1897 3525 2128 3612 Gegeustaudes

363 3647 462 3731 „liegt
484 3649 517 3714 'm
539 3649 639 3714 seiner
658 3649 799 3732 Aufgabc
818 3649 880 3714 und
909 3649 1026 3714 seinem
1049 3648 1239 3733 Vermoegen
1266 3647 1399 3713 dieselbe
1424 3648 1655 3725 auszuuichtm,
1682 3665 1716 3712 so
1739 3645 1809 3712 dass
1831 3648 1912 3725 also,
1941 3666 1988 3712 uo
2018 3666 2050 3713 er
2077 3647 2129 3714 die

365 3767 491 3846 „hierru
512 3768 673 3853 geeignetc
690 3768 939 3832 Beschoifenheit
962 3767 1050 3832 nicht
1070 3767 1159 3831 mehr
1184 3765 1312 3844 basilei,
1337 3783 1410 3832 man
1437 3769 1514 3832 auch
1543 3767 1630 3832 nicht
1651 3765 1740 3830 mehr
1761 3783 1856 3850 sagon
1876 3765 1973 3843 kann,
1998 3765 2068 3830 dass
2094 3785 2129 3832 es

365 3887 464 3966 „noch
487 3887 625 3953 derselbe
651 3888 707 3963 ist,
734 3886 864 3952 scudem
889 3905 960 3964 nur,
990 3886 1060 3950 dass
1086 3905 1118 3950 er
1141 3865 1220 3950 noch
1247 3884 1410 3950 deuselbeu
1435 3885 1557 3950 Nomen
1590 3884 1704 3948 thhrt‘.
1760 3883 1821 3964 Qui
1851 3885 1956 3948 tamar
1989 3881 2130 3949 codicum

363 4007 531 4072 lectionem
549 4007 681 4071 retinere
701 4005 822 4083 malint,
844 4009 926 4070 certe
947 4023 1001 4088 pro
1022 4006 1134 4088 puncto
1156 4005 1211 4068 aut
1232 4005 1299 4069 colo
1322 4023 1443 4070 commu
1459 4007 1583 4069 tautum
1602 4005 1674 4087 post
1696 4003 1823 4084 ιοιούιη
1837 4020 1950 4086 ponere
1969 4001 2131 4078 debebant,

365 4141 437 4192 tum
455 4127 500 4191 sio
518 4125 645 4192 idoneus
667 4144 774 4189 sensus
788 4126 916 4192 euerbis
939 4125 1010 4189 elici
1025 4125 1165 4208 nequeat,
1187 4124 1250 4188 nisi
1271 4131 1494 4210 &inpropriae
1515 4123 1649 4189 breuiter
1667 4140 1721 4206 pro
1745 4123 1802 4189 ιοῦ
1820 4117 1920 4208 ἔργον
1940 4122 2132 4206 ἔοιιρηιὲοη

366 4245 423 4318 aul
443 4247 497 4328 τῆς
518 4245 686 4332 δυνάμεως
707 4244 825 4308 dictum
848 4262 915 4308 csso
936 4246 1109 4308 statuamus
1132 4243 1240 4308 eodem
1261 4242 1324 4307 iere
1345 4243 1448 4320 modo,
1471 4261 1529 4325 quo
1549 4242 1640 4326 paulo
1660 4241 1731 4325 post
1753 4242 1885 4308 τοιαῦτα
1906 4239 2012 4304 eudem
2031 4240 2134 4323 signi-

366 4365 508 4429 ficetionc
529 4364 668 4448 praedita
688 4382 754 4428 esse
775 4363 984 4428 certissimum
1006 4365 1062 4426 est.
1107 4362 1187 4427 Tum
1210 4363 1292 4427 enim
1313 4361 1399 4427 locus
1418 4362 1465 4427 sio
1484 4361 1546 4426 iere
1568 4359 1673 4446 potius
1694 4360 1755 4424 crit
1776 4356 1955 4425 vertendus:
1977 4357 2077 4437 „deun
2099 4359 2136 4424 in

449 4565 733 4574 „120-——5-...-

536 4741 615 4808 2)1n
634 4757 696 4791 mos.
716 4742 797 4792 Rhen.
816 4742 878 4793 XX.
896 4758 921 4806 p.
936 4745 993 4791 517.
1014 4757 1038 4794 τι,
1057 4746 1080 4790 8.

536 4829 564 4894 ³)
583 4827 648 4879 Nam
667 4829 742 4878 etiarn
760 4829 787 4878 in
805 4835 917 4878 vetustae
935 4825 1107 4878 translationis
1125 4829 1220 4894 optimo
1238 4826 1325 4877 codice
1344 4825 1440 4892 (Poris.
1464 4831 1493 4876 lo
1512 4825 1681 4877 bibliothecae
1700 4823 1817 4890 minoris)
1835 4825 1910 4885 lueet,
1933 4826 1980 4876 elsi
1997 4826 2025 4876 iu
2042 4830 2138 4880 catoris

365 4919 459 4970 trustra
476 4916 611 4982 quaeritur.

369 4999 371 5002 ’
537 5004 566 5067 4)
587 5001 721 5052 Praeterea
737 5003 807 5068 prius
824 5010 882 5052 ante
901 4997 918 5070 η’
936 4997 1015 5056 πόλις
1033 4999 1197 5050 traiciendum
1215 5014 1269 5050 esse
1287 5015 1338 5049 non
1357 5000 1422 5050 male
1440 5000 1533 5050 conicit
1552 4999 1652 5049 Maur.
1672 4997 1884 5049 Schmidtiue.

536 5087 566 5154 5)
585 5088 705 5137 Arctinus
723 5101 780 5136 cum
797 5088 1067 5154 rertst‚.t1uidem“‚
1087 5085 1147 5152 qnid
1166 5085 1192 5134 in
1210 5084 1297 5134 codice
1315 5099 1361 5134 suo
1379 5083 1476 5150 legerit,
1495 5084 1583 5150 nequit
1600 5085 1740 5137 diiudicari.

539 5175 567 5240 6)
586 5169 770 5244 διαφθαρεῖσα
790 5203 821 5212 -
840 5171 950 5240 τοιαύτη
979 5189 1031 5224 non
1055 5172 1087 5221 ud
1106 5159 1196 5238 ‹l‘crrap
1216 5166 1340 5237 λιθίνην,
1364 5172 1407 5220 sed
1432 5172 1465 5221 sd
1487 5165 1679 5240 ἀναιρουμένου
1705 5197 1737 5209 -
1761 5163 1907 5240 ὅμανιῖμοιτ
1925 5170 2050 5235 pertinere
2068 5185 2141 5226 reete

370 5273 455 5317 mouet
473 5263 665 5313 Boicseniue
685 5261 781 5324 Bidrsg
798 5261 826 5310 til
844 5261 1045 5325 Fortollrniugcn
1064 5257 1094 5308 oi
1109 5257 1281 5309 Aristoteles's
1295 5258 1380 5322 Bdgcr
1397 5273 1438 5309 om
1456 5256 1551 5309 Sutor.
1574 5257 1595 5307 1.
1615 5256 1691 5309 Halu-
1711 5255 1933 5311 mccccxulv.
1951 5271 1977 5322 p·
1993 5262 2034 5308 1³.
