4670 5824
1118 336 1372 410 ...10-

365 553 398 618 id
418 554 497 635 quod
519 553 618 618 multo
640 553 741 635 magis
759 551 837 616 mihi
858 552 967 633 plneat,
990 549 1135 616 suadente
1151 550 1354 615 Schmidtio
1376 550 1447 632 post
1469 550 1547 612 bano
1561 567 1667 616 vonam
1687 547 1947 633 transponendum
1964 547 2021 612 est.
2050 547 2131 612 Cum

366 675 470 738 tamen
498 672 579 754 πλὴν
605 671 690 738 ἀλλὰ
719 671 795 736 alibi
822 689 972 753 nusquam
999 669 1079 753 apud
1109 669 1312 734 Aristotelem
1340 665 1596 750 deprehendatur,
1629 685 1810 749 possumus,
1846 668 1882 732 ut
1911 686 1940 730 r.
1969 665 2018 730 17.
2047 666 2133 732 lebes

366 808 594 867 removeamus,
623 791 677 854 aut
697 789 798 854 deleto
819 781 858 870 ἦν
881 789 947 852 eins
967 789 1001 853 in
1020 788 1124 852 locum
1145 786 1226 871 πλὴν
1248 807 1318 852 eum
1344 785 1532 868 Madvigio
1558 785 1722 850 transferre
1743 786 1798 850 ant
1817 783 1898 867 πλὴν
1918 784 1969 849 rel
1991 783 2061 851 ἀλλ’
2083 785 2133 848 vel

367 910 448 992 πλὴν
475 909 542 976 ἀλλ’
567 910 643 973 item
669 909 740 992 post
761 908 945 996 ἐπάναγκες
969 908 1119 973 translato
1145 907 1239 972 simul
1265 899 1305 988 ἦν
1326 897 1399 986 inb
1426 907 1582 974 mutatum
1596 923 1666 970 oum
1689 904 1922 988 Goettlingio
1935 909 1972 983 ²¹)
2004 921 2134 978 serrare,

368 1030 401 1093 at
422 1021 541 1109 μλῆνῆ
564 1045 692 1110 ηυοηυο,
712 1026 792 1108 quod
812 1027 846 1090 in
867 1027 1026 1111 Aristoph.
1050 1026 1129 1092 Nub.
1152 1028 1224 1091 361.
1247 1027 1309 1090 734
1325 1025 1455 1109 legitur,
1486 1042 1584 1106 neque
1604 1025 1638 1088 in
1659 1024 1783 1108 seriptis
1811 1023 2010 1088 Aristotelois
2030 1023 2135 1106 potest

369 1148 534 1214 monstrari
557 1149 589 1212 et
611 1165 628 1210 e
649 1146 729 1210 Plet.
751 1145 842 1229 Apol.
863 1166 893 1227 p.
913 1147 956 1210 42
977 1146 1060 1210 reete
1083 1144 1303 1209 exterminatur
1323 1162 1342 1208 a
1364 1143 1541 1208 Sohanzio
1554 1143 1601 1228 ¹²),
1621 1161 1691 1208 eum
1706 1162 1751 1227 pr.
1766 1141 1856 1208 Bodl.
1877 1160 1938 1206 una
1960 1161 2030 1208 oum
2049 1142 2135 1206 eodi-

371 1267 455 1332 oibus
477 1265 619 1330 affinibus
640 1265 721 1347 πλὴν
742 1267 770 1331 εἰ
789 1265 933 1348 praebere
954 1264 1108 1328 ridentur:
1129 1265 1235 1328 eontra
1256 1263 1337 1345 πλὴν
1358 1261 1425 1330 ἀλλ’
1449 1254 1467 1344 ἢ
1491 1281 1524 1327 se
1547 1262 1636 1328 offert
1657 1261 1732 1328 Met.
1748 1262 1772 1340 l,
1786 1263 1814 1327 1.
1831 1261 1922 1338 981ο,
1938 1261 1986 1325 18.
2014 1259 2136 1324 Deinde

370 1387 431 1452 τῶν
457 1385 550 1470 τριῶν
580 1375 614 1466 [ἢ
640 1381 809 1467 τετάρτων]
833 1401 868 1446 ex
890 1380 1025 1446 editione
1045 1379 1278 1464 Gosttlr'ngiena
1306 1381 1420 1446 retinet
1440 1381 1662 1465 Madvigius,
1691 1381 1725 1446 at
1747 1381 1828 1463 quod
1848 1383 1956 1465 postea
1976 1380 2136 1464 proposuit

371 1502 642 1586 Goettlingius,
664 1503 726 1568 νῶν
748 1504 860 1588 ιηιῶν
881 1501 1124 1587 τιμημάτων,
1146 1501 1271 1584 praebet
1281 1500 1347 1583 ipse
1357 1499 1458 1565 Pluto.
1487 1499 1619 1564 Omnino
1631 1499 1668 1563 ut
1681 1499 1783 1564 toturn
1794 1500 1907 1578 locum,
1925 1500 2028 1580 inquo
2043 1497 2136 1561 dubia

371 1639 491 1705 semper
520 1621 619 1684 multa
638 1620 818 1699 manebunt,
846 1620 885 1684 ed
911 1637 993 1694 eam,
1024 1619 1057 1682 in
1079 1636 1138 1700 qua
1160 1619 1199 1684 ab
1220 1618 1311 1684 initio
1332 1617 1409 1696 luit,
1429 1618 1643 1684 oondioionem
1664 1635 1759 1701 quam
1785 1619 1926 1701 proxime
1945 1617 2135 1694 reduoumus,

372 1759 496 1805 neeesse
517 1741 565 1804 est
585 1741 687 1824 ipsum
706 1741 869 1806 Platonem
891 1739 1061 1816 audiemus,
1082 1739 1193 1822 quippe
1215 1739 1301 1803 euius
1324 1738 1510 1803 sententiam
1533 1737 1649 1821 purtim
1664 1736 1781 1802 eisdem
1799 1737 1901 1802 verbis
1918 1737 2033 1820 partim
2048 1737 2138 1802 ralde

374 1859 528 1924 similibus
542 1860 724 1943 expresserit
738 1857 934 1924 Aristoteles.
965 1857 1043 1922 Sunt
1064 1858 1161 1940 igitur
1176 1857 1241 1922 eius
1264 1857 1362 1941 ipsius
1377 1857 1469 1922 verba
1488 1859 1580 1922 baso:
1607 1859 1730 1944 πρῶτον
1751 1855 1811 1944 μὲν
1833 1859 1870 1925 tx
1890 1859 1953 1926 τῶν
1974 1855 2138 1944 μεγίστων

374 1979 557 2066 τιμημάτων
578 1975 725 2050 deamat·
746 1979 850 2066 φέρειν
872 1978 910 2062 ἐξ
938 1976 1124 2065 ἀνάγκης
1147 2012 1188 2026 ···
1211 1979 1249 2064 τῇ
1268 1975 1302 2044 δέ
1331 1976 1487 2062 ὑστεραίᾳ
1507 1978 1613 2064 φέρειν
1635 1979 1673 2046 έκ
1692 1978 1755 2044 τῶν
1776 1977 1930 2064 δευτέρων
1952 1975 2136 2062 τιμημάτων

375 2097 479 2168 κατὰ
504 2097 626 2166 ταύτά
655 2099 698 2184 sq?
720 2098 883 2182 πρόσὲεν,
914 2097 998 2183 τρίτῃ
1017 2095 1042 2163 δ’
1067 2097 1105 2163 έκ
1124 2097 1186 2162 τοῖν
1207 2095 1318 2182 τρίτων
1340 2095 1524 2182 τιμημάτων
1544 2097 1650 2182 φέρειν
1671 2093 1731 2180 μὲν
1753 2096 1808 2163 τὸν
1828 2095 2039 2182 βουλόμενον,
2065 2094 2139 2161 ἐκά-

375 2246 497 2304 ναγκες
518 2215 553 2285 δέ
576 2211 656 2285 εἶναι
685 2225 769 2294 τοῖς
797 2217 871 2282 reia
899 2216 1019 2301 τριῶν
1040 2216 1277 2300 τιμημάτων
1302 2255 1341 2263 -
1365 2215 1492 2302 τετάρτῃ
1514 2211 1549 2282 δὲ
1570 2215 1676 2301 φέρειν
1695 2213 1755 2300 μὲν
1780 2219 1817 2284 ἐκ
1838 2214 1896 2281 τοῦ
1917 2212 2139 2298 τετάρτουκαὶ

378 2337 594 2422 σμικροτάτου
620 2335 793 2422 τιμάμιατος
822 2330 987 2416 graveac,
1015 2332 1150 2418 άζέημιον
1176 2333 1202 2401 δ’
1228 2327 1310 2401 εἶναι
1336 2333 1392 2402 τὸν
1417 2335 1455 2400 ἐκ
1479 2335 1535 2400 τοῦ
1563 2334 1712 2418 τετάρτου
1739 2332 1795 2400 καὶ
1824 2332 1929 2418 τρίτου
1956 2332 2140 2420 τιμήματος,

379 2454 436 2520 ἐὰν
465 2457 607 2543 ἐνεγκεῖν
639 2455 684 2539 μὴ
705 2455 867 2542 βούληται.
911 2453 936 2518 Ε
958 2454 1068 2536 quibus
1089 2455 1246 2536 praeterea
1266 2469 1336 2516 oum
1363 2449 1570 2516 Sabmidtio
1594 2470 1623 2514 v.
1648 2449 1696 2514 15.
1719 2450 1760 2534 ἐξ
1781 2449 1964 2537 ἀνάγκης
1989 2466 2044 2532 pro
2065 2446 2141 2514 ἔνιά.

377 2601 500 2659 νοηικες
519 2573 733 2656 repetendum,
763 2572 872 2636 deinde
893 2572 979 2639 κατὰ
999 2570 1101 2639 ταύτὰ
1124 2570 1249 2654 qnidam
1269 2588 1329 2635 non
1348 2569 1571 2654 recipiendum,
1594 2567 1648 2633 sed
1669 2568 1817 2634 similiter
1838 2563 1934 2645 ἴσως
1953 2586 2008 2652 pro
2030 2561 2140 2643 ἴσους

379 2709 449 2756 oum
475 2691 651 2757 Niolresio
662 2691 700 2777 21)
728 2692 938 2768 scribendum,
965 2691 1095 2774 denique
1124 2693 1197 2758 τῶν
1226 2707 1280 2774 pro
1310 2690 1346 2758 ἐκ
1374 2691 1437 2756 τῶν
1469 2709 1497 2754 v.
1520 2689 1569 2752 17.
1595 2687 1810 2752 arcessendum
1840 2705 1908 2752 esse
1936 2685 2027 2751 bodie
2054 2687 2138 2769 puto.

380 2813 424 2878 Ut
442 2815 547 2879 autom
567 2813 677 2879 eleotio
704 2832 721 2877 ο
746 2813 840 2877 tertia
865 2815 897 2877 et
925 2814 1033 2894 quarta
1061 2811 1210 2876 elassibus
1237 2809 1375 2876 habenda
1402 2808 1546 2875 electioni
1568 2826 1584 2872 e
1606 2807 1722 2872 duabus
1745 2807 1913 2890 prioribus,
1938 2805 2019 2870 sieut
2048 2805 2139 2869 Plato

381 2932 458 3008 vult,
481 2935 658 3016 opponatur,
677 2951 738 2996 non
759 2931 874 2996 suffieit
894 2925 943 2998 εἶν’
967 2952 996 2996 v.
1021 2933 1079 3006 15..
1101 2930 1155 2996 sed
1176 2923 1261 2996 εἶτα
1287 2928 1379 3003 <d'>
1406 2929 1465 2994 hoo
1486 2928 1553 2991 loeo
1577 2928 1608 2992 et
1629 2921 1671 2994 ἔτι
1691 2955 1728 2992 τε
1749 2945 1778 2991 v.
1801 2925 1851 2992 18.
1871 2943 1926 3009 pro
1948 2927 1985 2992 εἰν
2006 2923 2040 2993 δὲ
2064 2941 2141 3008 opus

383 3051 439 3114 est.
483 3051 535 3115 Sic
561 3051 658 3134 igitur
680 3052 782 3115 10111111
812 3050 1005 3115 enuntiatum
1032 3049 1149 3114 reficio:
1179 3049 1344 3133 αἱροῦνται
1371 3045 1433 3132 μέν
1460 3047 1527 3133 γάρ
1559 3046 1673 3122 πάντες
1699 3049 1737 3130 ἐξ
1763 3046 1948 3134 ἀνάγκης
1976 3043 2074 3128 [ἀλλ’]
2104 3045 2141 3110 ἐκ

383 3169 441 3235 τοῦ
467 3169 591 3255 rodeno
619 3169 808 3253 τιμέμιατος,
837 3162 904 3235 εἶτα
937 3169 1032 3235 πάλιν
1058 3162 1154 3238 ἴσως
1185 3169 1222 3234 ἐκ
1251 3167 1308 3234 τοῦ
1329 3166 1487 3250 δευτέρου·
1509 3159 1670 3240 εἶτα<δ>
1697 3167 1734 3232 εἰτ
1764 3168 1827 3231 τῶν
1848 3164 1958 3250 τρίτων
1979 3164 2019 3232 οὐ
2040 3165 2141 3230 πᾶσιν

383 3288 567 3376 ἐπάναγκες
593 3288 673 3371 πλὴν
696 3289 758 3374 (vel
785 3287 866 3370 πλὴν
894 3289 961 3355 ἀλλ’
991 3281 1010 3371 ἢ
1042 3288 1092 3352 vel
1117 3287 1184 3354 ἀλλ’
1216 3279 1248 3371 ἢ)
1275 3293 1340 3361 τοῖς
1365 3286 1431 3369 [ἐκ]
1459 3285 1521 3351 τῶν
1551 3286 1663 3369 τριῶν
1690 3283 1939 3370 τιμημάτων,
1968 3278 2004 3350 ἔκ
2033 3311 2064 3349 τε
2084 3284 2143 3348 τοῦ

385 3408 533 3492 τετάρτου
554 3409 631 3490 [τῶν
653 3408 823 3494 τετάρτων]
845 3407 957 3494 μένοις
979 3408 1162 3494 ἐπάναγκες
1184 3412 1247 3481 τοῖς
1268 3404 1398 3490 πρώτοις
1419 3401 1476 3471 καὶ
1497 3409 1561 3480 τοῖς
1581 3405 1745 3489 δευτέροις.
1766 3397 1815 3469 εἶτ’
1840 3433 1872 3470 κ.
1892 3433 1918 3469 τ.
1938 3413 1966 3467 λ.

550 3525 586 3589 ln
613 3526 712 3609 eapite
735 3527 870 3592 octavo
903 3527 1018 3603 12681),
1049 3527 1078 3590 2.
1104 3524 1185 3590 baud
1208 3524 1290 3588 male
1311 3541 1365 3607 pro
1394 3519 1457 3589 ἀπὸ
1480 3523 1533 3604 τῆς
1561 3521 1767 3608 Madvigius
1789 3521 1848 3607 ἀφ’
1871 3517 1962 3603 31ης
1982 3523 2062 3606 τῆς,
2089 3520 2144 3586 sed

386 3643 507 3718 melius,
529 3644 591 3708 nisi
611 3643 710 3720 fallor,
732 3643 937 3710 Boeotorus
961 3645 1024 3711 ἀπὸ
1046 3647 1102 3726 τῆς
1119 3644 1282 3725 (αὐτῆς)
1302 3641 1442 3719 οοοὶοο11,
1462 3660 1560 3727 neque
1583 3643 1702 3707 eertum
1723 3642 1779 3718 est,
1801 3641 1834 3706 id
1856 3641 1936 3724 quod
1957 3640 2024 3725 ipse
2043 3641 2144 3706 Mad-

387 3762 510 3847 vigius
531 3760 679 3838 coneedit,
699 3763 732 3826 in
753 3781 848 3828 nouo
878 3764 988 3843 lasea,
1009 3764 1059 3827 34.
1082 3765 1168 3830 πόλει
1198 3763 1269 3826 ante
1291 3762 1511 3839 ιιολινεύειςναι
1534 3761 1694 3826 inserendo
1718 3779 1772 3826 nos
1794 3779 1895 3845 egere,
1924 3761 2014 3845 plane
2039 3763 2144 3827 autem

384 3883 536 3966 pervertit
560 3881 738 3965 philosophi
765 3883 950 3947 sententiam
978 3883 1026 3947 vir
1051 3882 1249 3947 doctissimus
1267 3883 1299 3946 in
1329 3880 1468 3946 deeimi
1494 3882 1595 3948 verbis
1626 3879 1682 3950 καὶ
1713 3881 1790 3968 πρὸς
1815 3881 1871 3961 τὴν
1892 3884 2049 3969 διάζευξιν
2082 3888 2146 3951 νῶν

387 4003 572 4088 γυναικοῖν,
602 3997 721 4086 ἵναμὴ
743 4003 970 4077 πολυτεκνῶσι,
992 4002 1049 4083 τὴν
1071 4000 1148 4087 πρὸς
1176 3999 1249 4077 τοὺς
1270 3995 1408 4086 άρρενας
1429 3999 1565 4082 ποιήσας
1586 4000 1732 4086 ὁμιλίαν,
1761 3999 1828 4085 περὶ
1851 3992 1888 4083 ἧς
1916 4003 1943 4068 εἰ
1970 4003 2102 4082 φαύλοις
2126 3997 2145 4084 ἢ

386 4122 430 4207 μὴ
458 4123 607 4207 φαύλως,
634 4116 735 4206 έτερος
765 4115 854 4188 έσται
885 4123 942 4188 rob
963 4121 1211 4204 διασκέψασξται
1239 4120 1367 4204 καιρός,
1396 4121 1505 4196 127211,
1529 4120 1569 4182 23
1590 4137 1665 4201 sqq,
1686 4121 1757 4184 alliu
1779 4120 1913 4202 ποιήσας
1934 4126 1974 4208 (vt
1987 4123 2051 4205 25.)
2072 4141 2146 4186 (ton-

388 4242 514 4307 tendsns
542 4240 720 4308 σνιανῖαν
747 4240 797 4305 val
826 4240 941 4304 similis
970 4240 1206 4324 significationis
1236 4239 1424 4304 adieetivum
1456 4237 1665 4304 intercidisse:
1693 4238 1873 4324 intellegere
1900 4239 1983 4304 enim
2017 4241 2147 4306 debebat

388 4361 582 4426 ooneubitnm
603 4359 664 4424 riri
691 4359 723 4424 et
744 4359 847 4424 uxoris
873 4376 934 4424 non
956 4377 1023 4423 esse
1045 4358 1196 4423 eiusmodi
1216 4376 1300 4435 rem,
1328 4375 1405 4440 quae
1426 4359 1531 4422 orrum
1557 4358 1711 4440 probanda
1733 4359 1776 4423 sit
1804 4377 1843 4424 an
1865 4359 2060 4443 reprobanda,
2082 4362 2146 4426 alio

388 4480 456 4544 loeo
478 4498 511 4544 se
533 4479 760 4562 exploraturum
786 4495 852 4542 esso
874 4478 1055 4560 prondttere
1083 4477 1218 4561 potuerit
1246 4477 1445 4552 Aristoteles,
1478 4495 1551 4542 nam
1580 4477 1648 4558 quis
1671 4495 1739 4542 eum
1757 4477 1848 4560 plane
1869 4477 2056 4563 reprobabit,
2084 4480 2150 4546 nisi

389 4599 467 4662 forte
488 4597 673 4664 Essenorum
694 4598 818 4682 pleoitis
839 4598 887 4661 est
907 4596 1070 4661 addictus?
1092 4596 1162 4661 Non
1182 4596 1279 4680 igitur
1301 4595 1338 4659 de
1359 4613 1489 4660 uxorum
1503 4599 1562 4663 hoe
1582 4617 1652 4662 oum
1673 4597 1853 4680 coniugibus
1868 4598 2031 4663 oononbitu
2046 4617 2150 4664 senno

390 4718 446 4795 est,
469 4716 522 4782 sed
543 4716 563 4799 ὴ
585 4714 661 4802 πρὸς
682 4715 755 4794 τοὺς
777 4710 914 4804 ἄρρενας
935 4715 1044 4804 ὁμιλία
1068 4715 1222 4799 signifieat
1243 4714 1476 4799 pauderastiurn,
1500 4735 1592 4800 quam
1607 4717 1685 4802 opud
1707 4718 1867 4783 Cretenses
1888 4717 2021 4784 maxime
2042 4719 2075 4782 in
2091 4737 2153 4783 usu

389 4909 807 4922 —-———-·———--——-

558 5062 604 5124 21)
624 5058 828 5109 commentariol.
848 5061 878 5108 do
897 5060 976 5111 Arist.
996 5059 1047 5125 pol.
1066 5060 1123 5109 loeo
1142 5059 1177 5118 11,
1197 5065 1221 5116 ³,
1240 5058 1292 5107 leo.
1311 5055 1491 5108 Muccctv.

558 5150 605 5210 22)
617 5146 683 5197 Nor.
702 5153 833 5196 comment
853 5145 954 5196 Platon.
974 5145 1075 5194 Virceb.
1094 5143 1314 5196 MDCCCLXXI.
1335 5161 1358 5209 p.
1381 5149 1437 5192 lbl.

558 5233 603 5296 23)
622 5233 643 5282 1ι
669 5233 686 5282 l.
706 5249 730 5298 p.
754 5238 795 5282 lll
818 5247 855 5296 sq.
