4610 5840
982 361 1234 434 „7-

227 575 324 659 τάξις,
344 574 448 638 tumen
469 573 524 650 sio,
547 572 580 637 ni
601 571 766 639 admodum
786 573 885 651 fsllor,
907 591 968 638 non
990 573 1009 656 ἦ
1031 571 1080 654 ol,
1109 573 1163 638 sed
1188 570 1245 641 καί
1267 601 1347 656 αοιη
1376 575 1431 638 eut
1452 568 1533 655 αὕτη
1559 571 1627 660 γὰρ
1654 571 1849 638 scribendum
1870 571 1944 650 eret,
1966 571 1995 636 si

227 711 302 758 seue
322 691 475 757 sententie
496 691 626 756 existere
647 691 786 759 debebat

393 810 430 875 In
448 811 539 877 initio
559 811 664 877 sutem
683 811 791 876 tertii
813 811 924 895 ospitis
938 829 999 876 non
1020 811 1181 896 perspicio,
1202 810 1354 894 quomodo
1375 812 1407 877 et
1427 811 1612 878 Belrkerus
1633 813 1665 877 et
1683 811 1739 876 elii
1760 810 1893 874 editores
1913 809 1993 875 tole-

227 947 293 996 rare
312 930 470 1014 potuerint
488 947 664 1014 perversam
684 930 891 1016 mutologiem
911 931 1016 1009 οἰκίας
1037 929 1071 998 dd
1090 932 1181 1018 με’ρη,
1205 932 1239 1016 ἐξ
1255 920 1302 998 τήν
1322 921 1422 1008 αὖθις
1442 933 1530 1000 οἰκία
1545 929 1736 1000 συνίσταται
1761 929 1879 1008 12531),
1900 928 1991 1012 3sq.,

226 1067 318 1133 quom
340 1051 400 1116 etsi
420 1051 566 1134 praebent
588 1050 762 1117 Guilelmus
783 1049 855 1116 Ρί·ι
875 1052 974 1116 Paris.
998 1049 1094 1129 1857,
1119 1052 1226 1116 temen
1244 1049 1320 1114 Pzl
1342 1049 1425 1131 erl
1446 1049 1594 1116 Aretinus
1621 1049 1715 1115 editio
1743 1049 1885 1134 prinoeps
1909 1049 1992 1114 reete

225 1171 338 1238 hebent
358 1165 555 1258 οἰκονομίας.
597 1171 728 1236 Aoeedit
755 1171 836 1256 quod
864 1170 996 1236 lectione
1023 1169 1128 1248 οἰκίας
1154 1169 1282 1255 prebete
1308 1170 1392 1235 idem
1419 1171 1558 1236 etiami
1581 1170 1601 1234 3
1623 1170 1729 1234 eontra
1756 1186 1862 1234 omnes
1890 1167 1991 1234 fontes

224 1289 346 1355 nostros
372 1289 496 1354 restitui
523 1306 648 1355 neeesse
677 1292 726 1356 est
754 1290 787 1355 et
817 1289 956 1354 restituit
976 1288 1163 1354 Bekkerus
1187 1289 1221 1354 in
1242 1288 1377 1354 editione
1404 1291 1523 1356 minore
1546 1290 1652 1354 altore.
1695 1286 1767 1352 Nou
1789 1285 1913 1368 quidem
1935 1283 1989 1350 ed·

107 1385 109 1392 ¹
224 1409 352 1476 modum
373 1409 546 1493 elegantem
566 1427 634 1475 esse
655 1408 800 1493 loquendi
819 1409 988 1488 rationem,
1017 1407 1046 1474 si
1066 1407 1253 1497 οἰκονομίας
1272 1410 1402 1493 utroque
1428 1409 1496 1474 loeo
1517 1409 1720 1484 retineamus,
1749 1405 1879 1470 minime
1899 1419 1988 1487 nego,

225 1528 279 1596 sed
300 1531 346 1596 sio
366 1530 488 1595 tentum
502 1529 579 1596 beno
593 1529 736 1594 cohaeret
754 1528 850 1594 series
864 1528 1096 1608 sententiarum,
1118 1529 1156 1606 si,
1176 1529 1341 1614 postquem
1355 1528 1392 1592 de
1407 1526 1584 1592 oeoonomie
1598 1527 1734 1610 primum
1751 1523 1812 1588 sibi
1826 1521 1988 1587 dieeudrnn

223 1667 291 1714 esse
312 1648 466 1731 professos
488 1649 537 1712 est
556 1647 743 1713 Aristoteles
753 1649 805 1733 ²⁴),
827 1646 1038 1726 oeoonomiee,
1070 1646 1103 1711 id
1130 1648 1179 1712 est
1206 1646 1363 1713 doetrinae
1383 1666 1461 1733 quse
1483 1648 1531 1714 est
1558 1647 1595 1712 de
1617 1645 1708 1712 domo
1736 1641 1987 1718 administrando,

223 1769 325 1852 portes
346 1767 485 1853 pertibus
504 1766 594 1834 dooet
614 1765 735 1831 defiumi
759 1766 885 1848 domus,
913 1766 960 1832 its
980 1768 1032 1846 ut,
1059 1784 1130 1832 oum
1149 1768 1252 1850 partes
1272 1767 1381 1832 domus
1402 1767 1551 1833 minimae
1571 1767 1636 1831 tres
1664 1763 1743 1841 sint,
1771 1765 1835 1828 tres
1864 1761 1910 1826 eis
1938 1779 1987 1825 re·

225 1886 393 1973 spondeant
414 1887 609 1953 oeconomiae
631 1885 811 1970 disciplinae
832 1885 1001 1970 δεσποτική
1023 1886 1150 1975 γαμική
1174 1885 1408 1971 τεκνοποιητική
1434 1888 1508 1974 (leg.
1532 1887 1667 1972 πατρική
1688 1902 1760 1950 bum
1778 1881 1930 1967 Aletino).

389 2005 508 2072 Deinde
523 2007 685 2072 verborum
706 2023 783 2090 queo
804 2007 837 2072 in
859 2007 970 2093 ospitis
989 2007 1112 2091 quarti
1133 2007 1223 2072 initio
1243 2007 1388 2091 leguntur
1410 2007 1527 2086 1253b,
1551 2006 1685 2072 23-33
1706 2005 1785 2068 hene
1805 2001 1868 2067 iere
1888 2000 1985 2064 iuter·

222 2127 420 2210 punctionem
439 2125 600 2210 proposuit
620 2123 888 2212 lluelrenius²⁶),
916 2143 976 2210 qus
1002 2126 1125 2211 recepte
1149 2125 1234 2190 omni
1254 2126 1384 2192 fortusse
1406 2127 1579 2192 mutatione
1599 2143 1655 2190 nos
1677 2122 1871 2209 supersedere
1895 2137 1985 2204 posse

224 2245 403 2311 arbitratur:
426 2242 489 2312 ἐπεὶ
508 2236 603 2328 οὖνὴ
622 2246 735 2328 κτῆσις
747 2247 844 2332 μέρος
863 2246 917 2326 τῆς
931 2243 1036 2324 οἰκίας
1056 2245 1123 2314 ἐστὶ
1143 2242 1200 2313 καί
1221 2243 1241 2326 ip
1259 2241 1390 2330 κτητική
1409 2244 1506 2332 μέρος
1527 2247 1581 2329 τῆς
1597 2241 1782 2331 οἰκονομίας
1803 2233 1896 2328 (ἄνευ
1916 2237 1984 2329 γὰρ

222 2366 285 2432 τοῖν
306 2362 501 2452 ἀναγκαίων
522 2363 687 2434 ἀδύνατον
707 2361 765 2434 καί
787 2365 844 2446 ζῆν
862 2361 920 2432 καί
941 2355 980 2434 εὖ
1001 2365 1081 2450 ζῆν),
1103 2359 1209 2451 ὥσπερ
1230 2361 1264 2431 δὲ
1287 2366 1322 2432 ἐν
1344 2369 1413 2442 ταῖς
1433 2363 1626 2452 ὡρισμέναις
1646 2363 1777 2448 τέχναις
1795 2360 1984 2449 ἀναγκαῖον

222 2477 266 2552 sio
287 2478 332 2562 εἴη
351 2483 510 2570 ὑπάρχειν
532 2483 571 2566 τὰ
592 2486 695 2553 οἰκεῖα
716 2477 863 2572 ὄργανα,
886 2485 915 2550 εἰ
932 2483 1037 2570 μέλλει
1058 2482 1380 2566 ἀποτελεσθήσεσθαι
1403 2482 1437 2551 τὸ
1458 2478 1570 2573 ἔργον,
1592 2479 1676 2551 οὕτω
1697 2479 1754 2550 esai
1776 2481 1839 2549 τῶν
1859 2481 1982 2546 οἰκονο·

221 2606 337 2692 μικῶν,
355 2605 418 2672 τῶν
429 2603 454 2674 δ’
467 2602 619 2693 ὀργάνων
633 2604 672 2672 τὰ
683 2601 744 2690 μὲν
755 2598 877 2688 ἄψυχα
890 2603 932 2671 τὰ
943 2603 967 2672 δ’
986 2599 1123 2690 ἔμψυχα
1134 2597 1215 2691 (οἷον
1232 2605 1275 2690 τῷ
1285 2602 1461 2692 κυβερνήτῃ
1477 2601 1565 2690 ὁμίν
1576 2598 1648 2688 οἴαξ
1662 2595 1799 2686 ἄψυχον
1816 2599 1835 2668 ὁ
1852 2595 1886 2667 δὲ
1901 2627 1982 2683 πρω-

222 2724 295 2812 ρεὺς
310 2717 472 2811 ἔμψυχον·
494 2721 511 2791 ὁ
532 2722 601 2812 γὰρ
620 2721 772 2809 ὑπηρέτης
791 2723 826 2792 ἰν
847 2721 993 2811 ὀργάνου
1012 2717 1084 2792 εἴδει
1107 2727 1175 2801 ταῖς
1197 2726 1326 2807 τέχναις
1346 2723 1457 2810 &osiel
1476 2719 1561 2792 οὕτω
1582 2720 1639 2792 καί
1658 2720 1693 2790 τὸ
1708 2721 1816 2806 κτῆμα
1837 2710 1983 2806 ὄργανον

222 2841 300 2930 πρὸς
319 2841 403 2924 ζωήν
424 2845 501 2921 ἐστι,
521 2838 577 2910 καί
595 2841 614 2925 ή
635 2844 747 2926 κτῆσις
767 2843 890 2925 πλῆθος
911 2841 1063 2930 ὀργάνων
1086 2841 1163 2920 ἐστι’,
1185 2840 1243 2911 καί
1264 2841 1282 2911 ὃ
1303 2846 1419 2921 δοῦλος
1439 2843 1547 2930 κτήμοί
1569 2870 1596 2913 τι
1612 2835 1776 2931 ἔμψυχον,
1796 2835 1853 2908 eal
1875 2831 1981 2924 ὥσπερ

221 2955 438 3050 ὄργανοναρίι
458 2958 611 3047 ὀργάνων
631 2958 722 3038 αοῖςὸ
743 2959 906 3047 ὑπηρέτης,
928 2961 960 3025 et
980 2961 1134 3027 consentit
1149 2959 1428 3050 Spengeliusssl,
1449 2964 1513 3028 nisi
1532 2962 1614 3047 quod
1633 2963 1687 3027 aut
1707 2960 1799 3028 verbe
1819 2952 1903 3028 οὕτω
1923 2953 1981 3026 καί

222 3081 294 3147 nuto
320 3079 354 3149 ιίι
380 3081 487 3167 κτῆμα
514 3078 623 3164 utpote
652 3097 688 3144 ex
714 3079 965 3164 praecedentibus
993 3079 1083 3147 illnte
1108 3079 1235 3148 dolende
1262 3081 1509 3165 antapodoseos
1535 3083 1662 3149 initium
1681 3077 1765 3151 οὕτω
1792 3079 1857 3144 solo
1879 3075 1980 3142 deleto

220 3199 292 3286 poet
311 3199 463 3288 ὀργάνων
484 3196 608 3265 demum
627 3197 801 3283 ponendum
821 3217 888 3266 osse
909 3199 1029 3266 oenset:
1051 3199 1214 3289 ὀργάνων·
1236 3193 1301 3270 ἔστι
1323 3199 1381 3270 καί
1402 3200 1553 3281 teodane
1572 3233 1605 3271 κ.
1629 3230 1656 3269 ι.
1677 3210 1705 3267 τι.
1749 3199 1886 3280 Quarum
1907 3213 1981 3261 oon·

221 3317 359 3384 struendi
378 3318 533 3384 rntionum
553 3335 622 3383 eam
643 3336 735 3402 quem
755 3319 924 3402 posteriore
945 3319 1013 3385 loeo
1035 3319 1125 3404 posui
1145 3319 1209 3384 iem
1229 3321 1302 3386 ente
1316 3319 1551 3404 Spengelium
1571 3321 1722 3387 statueret
1734 3313 1978 3401 Thurotusff),

220 3436 274 3504 sed
294 3438 386 3522 paulo
406 3435 514 3502 alitor:
533 3453 606 3502 num
624 3436 815 3520 quodetiam
833 3437 976 3522 oopulnm
996 3436 1066 3505 ἰνιί
1083 3437 1201 3522 protasi
1219 3438 1367 3520 adiunxit,
1389 3443 1425 3508 ut
1446 3441 1588 3526 epodoeis
1610 3438 1703 3508 οκαί
1717 3439 1735 3507 ὸ
1750 3439 1865 3515 δοῦλος
1878 3435 1980 3502 uerbis

220 3557 345 3624 demum
372 3555 517 3639 incipiet,
541 3555 617 3621 haee
644 3555 770 3640 quidem
795 3557 862 3622 tem
889 3557 998 3642 exigue
1019 3556 1068 3622 eet
1088 3555 1275 3636 differentis,
1300 3559 1338 3623 ut
1363 3561 1415 3626 uir
1435 3559 1529 3644 digus
1547 3559 1688 3627 videatur
1707 3558 1894 3634 memoratu,
1925 3553 1981 3620 sed

220 3678 321 3745 deleto
342 3671 425 3745 οὕτω
445 3673 501 3744 καί
522 3675 691 3760 posteriore
716 3693 794 3760 queo
821 3677 965 3742 secuntur
993 3675 1086 3743 serbe
1112 3674 1146 3745 sd
1170 3677 1279 3764 κτῆμα
1307 3717 1348 3728 -
1366 3678 1519 3768 ὀργάνων
1541 3679 1610 3748 leel
1634 3680 1703 3745 loeo
1729 3694 1784 3744 suo
1804 3676 1892 3742 mole
1907 3675 1979 3758 post

219 3793 302 3868 οὕτω
324 3795 380 3866 καί
401 3795 487 3880 prius
508 3795 640 3860 lusorem
661 3793 769 3861 voluit
812 3795 1084 3862 Verumenimvero
1104 3795 1164 3861 etsi
1185 3813 1240 3861 suo
1260 3795 1327 3862 iure
1347 3797 1504 3865 contendit
1521 3798 1741 3878 Euelrenius,
1761 3797 1795 3862 id
1816 3795 1898 3879 quod
1917 3810 1979 3859 non

220 3915 439 3983 animaduertit
460 3914 691 4000 Spengsliue,
720 3914 753 3978 in
773 3913 845 3980 aliis
873 3932 991 3998 queque
1013 3914 1089 3980 loeis
1114 3915 1312 3980 Aristoteleis
1340 3915 1379 3981 ed
1405 3918 1559 4000 protesin,
1591 3936 1669 4002 quse
1694 3916 1822 4002 incipiet
1849 3915 1887 3980 ab
1914 3909 1976 3979 ἰαεί

217 4037 377 4122 puerum
399 4035 547 4121 epodosin
567 4035 659 4102 uerbo
681 4030 763 4102 οὕτω
784 4034 915 4112 adnecti
936 4034 989 4122 (ol.
1006 4034 1120 4114 1258e,
1141 4036 1181 4100 31
1201 4036 1290 4121 ιρις),
1309 4036 1415 4100 temen
1436 4035 1656 4104 sententiemm
1679 4036 1878 4123 perpetuisne,
1900 4053 1978 4119 quse

219 4175 236 4222 e
256 4157 352 4222 trium
371 4156 482 4221 horum
502 4154 641 4221 membre
660 4153 868 4220 constituendi
887 4154 1050 4220 modorum
1072 4171 1253 4237 unoquoque
1275 4155 1397 4236 existit,
1426 4157 1608 4224 eoonimem
1631 4158 1683 4223 rix
1711 4156 1836 4241 effugiet
1854 4155 1977 4240 uitupe-

217 4275 378 4341 rationem.
420 4273 503 4340 Nem
521 4275 606 4359 pn‘or
625 4273 783 4359 proteseos
803 4291 874 4359 pers
895 4271 958 4342 ἐπεὶ
980 4265 1040 4342 οὖν
1062 4311 1101 4322 -
1124 4265 1162 4342 εὖ
1181 4276 1237 4358 ζῆν
1258 4275 1381 4340 tentem
1399 4276 1487 4343 obest
1506 4279 1544 4342 ut
1563 4279 1597 4343 in
1617 4277 1764 4362 epodosin
1782 4275 1919 4360 quadret,
1941 4277 1977 4340 ut

217 4394 320 4478 potius
341 4410 535 4476 quaeeunque
556 4393 614 4460 hso
633 4393 842 4472 eontinentur,
865 4411 882 4459 e
902 4393 1072 4477 posteriore
1097 4393 1164 4460 sols
1189 4393 1276 4460 illius
1299 4395 1386 4479 perte
1407 4389 1513 4484 ὥσπερ
1539 4395 1572 4467 ol
1593 4398 1723 4482 τέχναις
1743 4397 1830 4465 losio
1850 4397 1918 4475 eut,
1947 4394 1976 4461 sl

383 4692 430 4758 2⁴)
447 4689 594 4757 Legendum
612 4693 677 4745 enim
695 4701 734 4745 est
751 4694 768 4744 l.
788 4698 803 4743 2
821 4688 966 4762 ἀναγκαῖον
986 4687 1093 4762 πρῶτον
1108 4699 1169 4763 περί
1187 4689 1336 4764 οἰκονομίατ
1359 4691 1443 4750 ιίιιείν
1465 4711 1522 4748 enm
1539 4695 1666 4748 Guilelmo
1689 4703 1715 4749 st
1733 4697 1838 4749 Areduo
1860 4707 1886 4750 et
1906 4697 1974 4748 eodi-

217 4789 287 4840 cibus
305 4788 406 4854 optimis
423 4785 521 4850 PM,
536 4787 568 4840 el.
588 4785 734 4841 Ouekeul
754 4789 876 4840 Emoudd.
896 4791 922 4839 lu
936 4789 1041 4840 sessos.
1060 4790 1119 4842 Etb.
1132 4789 1188 4842 Nic.
1201 4798 1225 4841 ot
1243 4773 1650 4854 1²01.,1seree1b.rsncccnx1.
1671 4809 1694 4860 p.
1718 4798 1747 4843 19
1766 4807 1820 4860 sqq.
1839 4817 1874 4832 -
1892 4791 1974 4842 Psulo

216 4893 273 4951 pose
290 4884 307 4934 1.
329 4887 357 4932 ll
378 4897 419 4933 sne
435 4891 569 4948 praeeunte
588 4883 619 4950 (l.
638 4883 656 4934 l.
675 4900 701 4950 p,
721 4889 779 4936 tlt.
799 4899 824 4934 n.
844 4885 873 4950 ⁵)
891 4883 1083 4950 Spengelius
1106 4900 1207 4952 quoque
1231 4885 1263 4952 (l.
1282 4885 1299 4936 l.
1318 4902 1343 4953 p.
1363 4885 1393 4954 5)
1415 4879 1438 4939 ιί
1463 4887 1488 4938 ἰν
1512 4880 1545 4954 δή
1566 4889 1671 4939 mersvid
1689 4896 1714 4939 et
1736 4888 1753 4938 l.
1776 4893 1806 4938 12
1824 4887 1879 4941 ἰοτι
1897 4881 1919 4938 δ’
1936 4886 1975 4940 dra

216 4978 317 5048 [μέρος]
337 4977 440 5039 conieci,
458 4978 500 5028 sod
519 4976 625 5030 lertssse
642 4985 752 5045 preesset
769 4977 824 5033 ἕντι
841 4973 870 5033 δί
887 4997 913 5032 τι
932 4977 1033 5049 <ἰτι>
1055 4979 1166 5050 [saepest

379 5073 426 5138 2ο)
444 5071 484 5122 Do
496 5072 640 5124 Aristotelis
658 5073 755 5124 dicendi
774 5075 878 5126 ratione.
898 5075 929 5126 Ρ.
942 5075 963 5126 1.
982 5073 1176 5129 Observationes
1189 5079 1220 5130 de
1232 5077 1412 5144 particulorum
1426 5095 1480 5130 usu.
1500 5077 1613 5144 Gotting.
1627 5077 1840 5130 Mocccuxvr
1855 5095 1878 5146 p.
1891 5085 1923 5130 29
1937 5097 1974 5146 sq.

376 5168 423 5232 νῦ)
442 5166 473 5217 Ῑι.
492 5167 509 5216 l.
528 5183 552 5233 p.
573 5168 663 5232 ⁵(57)
683 5183 721 5234 sq.

375 5265 421 5327 τί)
440 5262 469 5312 L.
488 5261 505 5312 l.
525 5279 549 5329 p.
569 5268 583 5312 ⁵
603 5279 656 5330 sqq.
