4670 5824
1100 297 1329 376 ...6-

335 517 395 584 Vix
421 515 504 582 enim
532 519 682 583 sermonis
711 517 791 582 ratio
811 513 976 600 permittit,
1004 515 1040 579 nt
1065 513 1123 580 hae
1144 515 1296 599 scriptume
1317 518 1439 600 arrepta
1460 516 1555 581 simul
1581 513 1678 584 κοινὰ
1705 514 1893 579 retineamus
1916 515 1948 579 et
1969 513 2015 577 010
2036 511 2098 578 iere

333 639 506 706 00010000οε
551 637 636 716 „Das
664 636 733 702 sind
758 655 819 700 nun
841 635 891 700 die
913 633 1270 720 lligenthimlichkeitcn
1298 634 1352 701 der
1376 635 1577 700 Demokratie
1604 634 1656 699 im
1685 633 1994 719 allgemeinem‘
2038 631 2098 697 Sed

332 759 434 824 multo
455 759 557 844 magis
578 775 629 824 me
650 756 775 822 turbant
796 772 873 837 quae
894 757 1047 821 secuntur.
1092 755 1174 836 Quid
1201 756 1307 820 enim?
1349 755 1461 822 Nonne
1489 753 1569 837 quod
1589 753 1691 820 solum
1716 771 1735 818 a
1762 753 1946 842 philosopho
1967 753 2098 836 requisi·

333 879 402 942 tum
424 895 491 943 esse
512 875 646 942 vidimus
666 875 775 954 13170,
799 875 934 954 18-39,
954 876 1134 960 priusquam
1152 876 1258 959 posset
1282 875 1322 941 ad
1343 871 1496 941 11000000
1517 874 1709 940 diversorum
1730 871 1935 940 democretius
1952 890 2098 956 generum

334 994 618 1062 constituendorum
648 997 801 1061 rationem
831 995 972 1073 transire,
1004 995 1095 1078 plane
1126 994 1347 1078 praestiterunt
1376 993 1508 1079 priora?
1544 993 1579 1060 Si
1608 993 1707 1078 igitm
1735 1011 1841 1060 revera
1868 993 2021 1082 putandus
2049 995 2098 1057 est

331 1116 482 1180 adiecisse
504 1133 580 1197 quae
599 1116 737 1199 proxime
759 1117 912 1194 secuntur,
937 1133 991 1182 cur
1016 1115 1076 1179 tali
1101 1114 1194 1180 modo
1221 1132 1282 1179 000
1304 1115 1414 1180 stetim
1434 1113 1612 1198 aggreditur
1635 1131 1716 1192 rem,
1738 1113 1793 1179 sed
1815 1113 1967 1198 capitibus
1989 1115 2097 1196 quarto

331 1234 933 1318 001010000100011000001000101,
957 1234 1054 1300 denuo
1076 1233 1139 1298 alia
1163 1233 1221 1298 1110
1248 1237 1423 1318 praemittit
1442 1233 1545 1300 nescio
1564 1235 1665 1316 00001
1704 1235 1756 1298 An
1783 1233 1952 1324 quidquam
1976 1250 1996 1298 a
2022 1249 2098 1315 quo-

334 1373 435 1438 quam
448 1354 654 1420 desideratum
675 1355 715 1418 iri
738 1356 893 1438 putemus,
921 1355 950 1419 01
970 1354 1082 1430 omnia,
1111 1369 1189 1436 quae
1215 1373 1295 1419 nunc
1314 1354 1498 1438 interposita
1519 1355 1600 1433 eunt
1625 1355 1685 1419 100
1705 1354 1754 1418 001
1776 1354 1879 1418 totum
1900 1354 1993 1438 caput
2018 1353 2099 1418 ter-

330 1476 435 1544 tium
459 1473 591 1559 finisque
619 1475 839 1560 praecedentis,
867 1476 1036 1562 συμβαίνει
1064 1475 1158 1543 1-
1178 1473 1411 1560 φροντίζουσιν,
1435 1473 1547 1551 13180,
1569 1473 1662 1550 3-1),
1686 1474 1716 1551 5,
1744 1491 1783 1538 00
1810 1471 1943 1556 00011010
1973 1472 2099 1554 quidam

333 1596 442 1660 relicto
460 1596 652 1680 periissent?
682 1593 763 1674 Quid
782 1595 878 1676 igitur
899 1595 961 1659 eibi
982 1595 1110 1666 volunta
1146 1595 1231 1660 Num
1252 1595 1335 1658 ullus
1356 1611 1462 1659 eorum
1481 1611 1556 1660 usus
1578 1595 1626 1660 est
1646 1593 1679 1658 10
1696 1592 1956 1677 disputationibus
1971 1611 2101 1675 sequeu-

334 1717 443 1781 tibus?
485 1714 807 1780 Immo'conetituitur
828 1714 974 1780 hocloco
996 1714 1095 1780 forma
1117 1715 1266 1798 quaedam
1290 1715 1487 1799 reipublicae,
1516 1732 1576 1797 qua
1603 1713 1664 1779 iuri
1686 1714 1891 1780 democratico
1911 1712 2026 1798 pariter
2048 1713 2099 1777 01-
2187 1799 2191 1810 ¹

334 1854 394 1918 que
421 1833 606 1920 oligarchico
633 1833 778 1898 satisfieri
804 1833 960 1900 asseverat
987 1836 1135 1919 scriptor:
1166 1835 1298 1918 000101
1325 1853 1433 1900 verum
1459 1835 1516 1912 001,
1543 1851 1641 1916 neque
1668 1833 1750 1918 inter
1770 1833 1973 1899 democretius
1994 1831 2098 1896 locum

334 1954 428 2020 habet
448 1972 546 2036 neque
566 1955 647 2018 inter
668 1952 862 2036 oligarchias,
885 1951 939 2018 sed
961 1953 993 2018 in
1013 1955 1116 2020 medio
1135 1972 1247 2038 genere
1268 1953 1333 2030 1110,
1363 1951 1444 2036 0001
1465 1951 1594 2037 politiae
1615 1953 1739 2018 nomine
1767 1951 1974 2036 significatur:
2001 1969 2101 2033 neque

334 2077 439 2139 tamen
460 2074 498 2139 de
519 2074 586 2150 hac,
607 2073 661 2136 001
681 2073 767 2155 prius
790 2071 827 2136 de
849 2071 1063 2151 democratiae,
1085 2073 1194 2138 deinde
1216 2073 1253 2138 10
1275 2073 1461 2156 eligarchiaa
1478 2073 1639 2158 generibus
1661 2073 1884 2140 constituendis
1907 2089 1940 2138 se
1957 2073 2100 2137 actuum

336 2213 403 2260 0000
420 2191 544 2258 disertis
565 2193 666 2257 verbis
684 2191 842 2276 prom'ttit
863 2191 1049 2256 Aristoteles
1072 2192 1182 2270 13170,
1206 2193 1246 2256 16
1262 2209 1339 2274 000,
1362 2193 1394 2256 01
1415 2192 1483 2277 ipsa
1501 2193 1640 2274 quaestio
1656 2192 1715 2257 hoc
1732 2189 1800 2258 loco
1822 2193 1969 2258 instituta
1990 2209 2100 2282 00000-

336 2315 410 2378 dum
436 2313 504 2396 ipsa
532 2311 691 2395 scriptoris
721 2311 812 2376 rerba
838 2311 878 2376 ad
905 2311 986 2376 nihil
1011 2313 1096 2377 aliud
1122 2315 1242 2397 spectat
1266 2313 1328 2377 nisi
1355 2312 1393 2376 ad
1415 2311 1601 2377 solutionem
1628 2314 1750 2396 aporiae
1779 2312 1826 2398 (τὸ
1849 2310 1883 2381 tl
1903 2309 1983 2398 μετὰ
2004 2313 2099 2378 τοῦτο

334 2435 506 2520 ἀπορεῖται,
529 2431 639 2510 13183,
663 2432 725 2515 ll),
747 2430 780 2508 111
800 2449 894 2514 quam
915 2431 1031 2497 incidat
1051 2433 1238 2498 democratia
1259 2433 1396 2497 extrema
1417 2429 1448 2517 (ἦ
1470 2431 1612 2502 adme&
1635 2425 1717 2500 εἶναι
1732 2423 1880 2500 δοκοῦσα
1900 2431 2101 2518 δημοκρατίαι

335 2551 392 2622 καὶ
410 2554 519 2638 δῆμος,
541 2569 571 2616 0.
594 2551 613 2614 5
635 2552 704 2635 00).
746 2549 828 2635 Ergo
851 2551 904 2634 qui
927 2571 996 2617 eam
1019 2552 1167 2630 instituit,
1189 2555 1244 2618 001
1264 2553 1330 2636 ipse
1352 2551 1426 2635 quid
1446 2551 1542 2618 vellet
1562 2553 1720 2618 nesciebat
1747 2554 1802 2618 aut
1823 2553 1974 2636 optimam
1995 2553 2101 2636 potius

287 2706 296 2726 ·
336 2671 598 2737 democretius
619 2671 755 2754 speciem
774 2671 835 2735 sibi
857 2669 942 2736 01000
964 2674 1012 2736 001
1033 2674 1255 2738 construxisse:
1280 2675 1314 2738 at
1338 2675 1376 2738 01
1403 2671 1461 2737 hoc
1488 2673 1518 2737 ci
1546 2672 1756 2749 concedamus,
1784 2672 1824 2737 ad
1851 2667 1931 2736 hanc
1949 2673 2102 2756 optimam

336 2793 403 2858 eius
433 2789 567 2876 speciem
591 2792 701 2874 postea
726 2789 850 2854 demum
876 2791 907 2854 10
935 2791 1057 2857 exordio
1085 2794 1196 2878 capitis
1219 2794 1321 2876 quinti
1346 2793 1581 2878 (δημοκρατιῶν
1607 2785 1745 2860 dodonico
1776 2791 1932 2878 τεττάρων
1956 2787 2102 2880 βελτίστη

335 2909 396 2999 μὲν
416 2911 435 2994 ἡ
457 2912 561 2997 πρώτη
583 2910 679 2994 τάξει,
703 2910 815 2988 13181,
837 2909 857 2974 6
880 2911 939 2994 sq)
961 2911 1094 2994 genuina
1116 2930 1149 2976 00
1171 2912 1267 2976 uertit
1288 2909 1396 2988 oratio,
1426 2912 1457 2976 et
1477 2913 1514 2976 ut
1535 2910 1610 2978 adeo
1638 2912 1698 2978 hoc
1719 2913 1924 2978 condonemus
1946 2913 2101 2998 scriptori,

336 3034 418 3097 certe
440 3031 558 3114 optima
580 3029 776 3106 democratia,
796 3029 896 3110 qualis
918 3029 951 3093 in
972 3029 1081 3112 quinto
1102 3029 1203 3114 eapite
1225 3030 1416 3109 describitur,
1439 3030 1546 3096 eadem
1574 3049 1642 3097 esee
1663 3031 1755 3098 debet
1774 3035 1866 3116 01000
1888 3033 1953 3112 illa,
1976 3031 2103 3117 qualem

336 3151 398 3218 0111
420 3151 510 3216 finxit
531 3149 585 3233 001
605 3151 749 3232 quartum
770 3149 910 3214 inseruit.
932 3163 934 3168 ·
953 3149 1052 3232 Atqui
1071 3149 1172 3215 multo
1193 3149 1286 3215 aliter
1306 3169 1340 3216 00
1360 3167 1409 3215 res
1434 3150 1537 3216 habet.
1579 3151 1700 3236 Nempe
1728 3153 1762 3218 10
1790 3154 1847 3218 illa
1873 3171 1979 3221 omnes
2006 3155 2103 3230 01000,

337 3275 369 3339 01
389 3272 502 3338 1101100
525 3272 556 3336 01
576 3287 733 3355 pauperes,
754 3270 823 3353 pari
844 3269 989 3353 suffragio
1011 3271 1148 3347 utuntur,
1172 3267 1226 3334 sed
1247 3270 1349 3335 011100
1370 3269 1410 3335 01
1427 3271 1629 3355 magistratus
1649 3291 1711 3338 000
1732 3275 1874 3340 omnibus
1895 3275 1982 3359 patet
2003 3293 2103 3360 neque

337 3393 465 3459 comitia
485 3391 596 3456 habere
622 3389 723 3455 solent
743 3386 806 3454 nisi
829 3381 868 3454 ad
889 3379 1090 3472 magistratus
1121 3388 1267 3454 creandos
1293 3390 1325 3454 01
1352 3407 1465 3474 pancas
1492 3391 1644 3456 01100000
1671 3393 1846 3460 tractandae
1873 3395 1974 3460 cetera
1996 3396 2103 3461 omnia

335 3509 571 3597 magistratibus
592 3509 816 3592 permittentes,
838 3507 871 3573 in
892 3509 950 3573 100
969 3509 1111 3574 omnibus
1133 3509 1252 3575 civibus
1279 3509 1312 3573 in
1339 3509 1415 3575 duas
1436 3511 1550 3576 classes
1575 3513 1790 3596 pauperiorum
1810 3515 1842 3579 et
1862 3514 2103 3599 locupletiorum

336 3631 383 3697 ita
405 3629 523 3707 divisis,
546 3629 591 3708 ut,
612 3629 642 3692 si
660 3629 742 3693 recte
764 3628 923 3712 scriptoris
943 3629 1035 3694 verba
1056 3628 1214 3713 intellego,
1234 3627 1332 3693 altera
1353 3629 1493 3707 alteram,
1520 3647 1539 3694 a
1560 3647 1621 3713 qua
1640 3649 1768 3698 numero
1790 3634 1944 3699 sociorum
1964 3636 2103 3700 maxims

337 3750 450 3828 differt,
469 3749 620 3814 bonorum
640 3745 854 3830 magnitudine
874 3748 993 3830 aequet,
1016 3765 1052 3812 00
1072 3749 1195 3813 tentum
1208 3748 1284 3813 'rata
1303 3750 1384 3826 sunt,
1406 3766 1484 3831 quae
1504 3752 1560 3814 aut
1577 3751 1689 3816 maiori
1707 3753 1868 3836 utriusque
1890 3755 1998 3820 0100010
2018 3758 2104 3840 parti

336 3870 526 3958 placuerunt,
545 3868 608 3946 aut,
630 3867 684 3932 ubi
705 3867 807 3932 minor
827 3867 950 3932 tantum
972 3865 1100 3931 alterius
1123 3885 1194 3932 cum
1214 3867 1342 3932 alterim
1362 3869 1480 3933 maiore
1497 3869 1659 3948 consentit,
1680 3871 1748 3949 1011,
1768 3871 1855 3937 euius
1878 3891 1986 3939 censue
2000 3876 2103 3941 maior

337 3993 385 4057 eet
406 4007 499 4073 quam
521 3987 595 4066 eius,
617 4003 695 4068 0000
715 3985 806 4050 alteri
827 3986 998 4051 sententiae
1027 4003 1060 4049 00
1082 3984 1209 4050 addixit.
1253 3985 1314 4051 Sed
1339 4005 1400 4051 non
1426 3987 1529 4052 solum
1548 3988 1674 4055 turbant
1700 3990 1776 4056 haec
1797 3992 1901 4058 omnia
1920 3993 2101 4078 legitimum

336 4129 449 4176 nexum
475 4105 752 4192 argumentationis
778 4105 871 4187 atque
899 4103 1000 4168 011000
1025 4104 1098 4168 sunt
1125 4120 1144 4168 a
1168 4121 1315 4188 germana
1338 4105 1520 4170 Aristotelis
1550 4106 1698 4188 doctriua,
1727 4129 1835 4176 vemm
1863 4112 1958 4178 etiam
1985 4113 2102 4179 miram

324 4245 411 4296 ’0000
436 4227 601 4293 ostendunt
627 4221 827 4290 concludendi
853 4224 1015 4288 rationem.
1060 4222 1094 4287 si
1115 4223 1197 4288 enim
1219 4241 1324 4288 reuera
1343 4223 1404 4288 imi
1424 4223 1640 4308 democratico,
1669 4226 1703 4292 id
1723 4230 1772 4295 eat
1792 4231 1973 4314 aequalitati
1991 4252 2102 4300 secun-

337 4351 412 4417 dum
429 4365 591 4412 uumcmm
612 4344 786 4421 distinctae,
807 4337 1009 4408 'consentanea
1023 4345 1072 4408 est
1086 4343 1273 4410 democratia
1286 4343 1400 4408 ultima
1413 4343 1538 4430 (13180,
1554 4345 1680 4432 3-10),
1697 4351 1848 4430 quomodo
1863 4352 1973 4421 101010
1985 4357 2103 4423 nihilo-

336 4471 441 4536 minus
466 4466 501 4530 iu
526 4465 737 4548 quaestionem
762 4462 867 4546 potest
896 4461 999 4527 vocari
1024 4460 1071 4547 (τὸ
1095 4459 1129 4530 δὲ
1149 4461 1231 4548 μετὰ
1252 4465 1345 4531 τοῦτο
1366 4462 1539 4548 ἀπορεῖται,
1564 4483 1593 4530 0.
1618 4467 1680 4551 11),
1705 4469 1810 4535 utrum
1836 4472 1911 4538 haec
1938 4493 2007 4542 cum
2031 4478 2100 4546 iure

337 4591 393 4656 illo
414 4585 515 4670 magis
537 4583 699 4650 concordet
717 4601 756 4647 an
777 4582 874 4647 altera
894 4581 959 4660 illa,
981 4597 1074 4663 quam
1092 4581 1153 4648 eibi
1173 4581 1325 4664 optimam
1346 4582 1533 4667 excogitavit
1548 4583 1690 4650 11000100
1708 4593 1750 4666 (0.
1767 4589 1928 4677 11-1811
1958 4593 2100 4665 Necdum

309 4693 313 4702 ¹
337 4706 540 4777 1000νο000
561 4703 706 4767 10100000
732 4701 903 4780 000100100,
930 4719 983 4766 cur
1008 4701 1109 4785 possit
1133 4702 1167 4766 in
1193 4702 1403 4784 quaestionem
1426 4705 1537 4784 vocari,
1565 4706 1612 4770 ita
1637 4707 1806 4788 confirmat,
1831 4712 1869 4775 ut
1895 4711 2101 4784 democratiae

338 4824 545 4895 0000010100
570 4821 690 4888 iustum
709 4820 807 4887 videri
831 4821 966 4900 moneat,
993 4819 1073 4904 quod
1093 4821 1233 4904 pluribus
1260 4838 1387 4888 numero
1413 4823 1542 4907 placcat,
1569 4825 1756 4909 oligarchiae
1783 4830 1864 4912 0001
1893 4835 2101 4918 superioribus

338 4947 466 5033 pecunia
481 4941 583 5031 (maci
603 4941 671 5030 γὰρ
693 4941 724 5008 01
743 4938 905 5026 1010000001
926 4943 1018 5008 τοῦτο
1040 4939 1167 5009 δίκαιον
1186 4935 1205 5010 3
1226 4969 1254 5009 n
1276 4935 1321 5010 010
1343 4943 1421 5031 δόξῃ
1442 4952 1506 5024 00ῒο
1526 4944 1678 5032 πλείοσιν,
1702 4949 1734 5015 oi
1754 4949 1781 5017 δ’
1805 4949 2009 5040 ὀλιγαρχικοὶ
2030 4951 2049 5024 δ’
2072 4989 2101 5026 τι

338 5063 382 5137 ἂν
404 5067 481 5154 1600
502 5065 539 5152 τῇ
559 5060 676 5130 πλείονι
696 5059 794 5144 οὐσίᾳ
817 5092 849 5128 ιτ.
865 5090 891 5129 τ.
905 5071 945 5138 a,
964 5081 993 5126 0.
1011 5060 1168 5146 18-21.),
1190 5060 1295 5126 00110
1315 5061 1445 5145 utroque
1467 5064 1720 5149 inaequalitatem
1735 5068 1767 5133 et
1787 5068 1976 5140 iniustitiam
1997 5077 2101 5146 inesse

225 5169 232 5189 ⁸
339 5184 417 5282 (ἔχει
439 5186 464 5254 δ’
487 5182 654 5272 ἀμφότερα
673 5179 847 5261 ἀνισότητα
869 5179 926 5248 καὶ
948 5179 1090 5263 ἀδικίαν,
1112 5200 1141 5247 v.
1161 5183 1200 5247 21
1224 5183 1292 5270 sip).
1336 5181 1542 5266 10000113Ιὶ1οε
1564 5185 1717 5267 quomodo
1737 5188 1822 5272 insit,
1846 5190 1959 5259 frustra
1978 5198 2103 5277 quaeri.
