4610 5840
974 418 1223 492 „5-

212 629 372 712 antiquam
393 645 499 694 eorum
520 627 777 712 significationem
798 646 865 694 esse
885 628 982 694 talem
996 629 1103 712 qualis
1125 629 1294 715 ὁμνσίσυοι
1315 631 1348 694 et
1368 630 1549 717 epidauraeos
1572 633 1627 696 aut
1643 630 1802 717 ὀμόσασαν
1826 631 1874 694 ast
1895 629 1976 693 eius-

213 748 284 814 dem
305 747 443 812 familiae
458 748 620 822 socierum,
643 749 675 812 et
688 748 807 826 παῖδάς
829 777 860 815 σε
874 746 930 815 καὶ
947 747 1070 816 παίδων
1083 755 1201 826 παῖδας
1214 749 1296 814 nihil
1316 749 1378 814 nisi
1398 751 1705 834 interpretamentum
1726 767 1792 814 esse
1813 749 1851 813 ab
1873 747 1975 830 aliquo

140 897 142 902 v
211 868 325 934 lectore
346 868 379 932 in
399 867 538 952 margine
560 867 701 932 additum
721 866 821 932 multo
843 867 1045 933 verisimilius
1067 869 1099 932 et
1121 867 1193 932 duri
1205 868 1231 954 ⁶)
1261 870 1293 933 et
1311 887 1392 934 nuno
1412 887 1531 953 quoqne
1555 869 1641 934 duee.

376 986 495 1052 Deinde
517 986 700 1071 adstipulari
720 1004 835 1070 nequeo
858 985 1091 1072 Spengalieq
1112 987 1205 1052 verba
1225 989 1376 1072 φρονήσει
1399 986 1458 1056 καί
1479 988 1574 1076 ἀρετῇ
1594 990 1676 1054 1253
1691 1006 1719 1066 a,
1741 987 1843 1070 3411.
1864 985 1976 1068 corrigi

209 1105 301 1171 licere
322 1107 458 1190 neganti,
480 1106 551 1188 quia
573 1105 728 1193 φρόνησις
749 1104 807 1174 καὶ
826 1105 921 1193 ἀρσὴ
944 1107 1066 1190 saepius
1087 1106 1166 1190 apud
1180 1106 1344 1172 Platonem
1357 1107 1619 1191 Aristotelemque
1641 1108 1803 1173 coniuncta
1823 1105 1974 1188 legantur.

209 1225 280 1290 Non
301 1227 384 1292 enim
405 1226 563 1309 intellege,
585 1226 736 1308 quomodo
751 1245 828 1311 quae
843 1227 994 1290 sexcentis
1016 1227 1049 1290 in
1069 1225 1146 1290 locis
1169 1227 1330 1290 coniuncta
1350 1228 1467 1311 optime
1489 1246 1522 1292 se
1543 1227 1685 1304 habeant,
1707 1245 1776 1292 eam
1797 1226 1836 1291 eb
1851 1242 1975 1289 eausam

209 1344 305 1410 etiam
325 1345 372 1411 ibi
392 1347 455 1412 sint
474 1345 647 1422 toleranda,
676 1347 730 1412 ubi
758 1344 945 1411 sententiam
966 1345 1101 1409 efficiant
1122 1363 1196 1410 sana
1215 1347 1319 1409 mente
1341 1345 1465 1410 omnino
1486 1346 1669 1412 destitutam
1696 1347 1728 1410 et
1749 1346 1787 1410 ab
1809 1346 1877 1427 ipsa
1897 1342 1973 1410 seri-

208 1465 307 1547 pteris
325 1465 464 1530 doctrina
484 1484 577 1549 quam
590 1463 724 1530 maxime
747 1464 970 1542 abhorrentem,
992 1464 1029 1528 ut
1049 1464 1134 1528 loeus
1149 1463 1238 1528 decet
1259 1465 1297 1530 ab
1319 1464 1386 1547 ipso
1402 1465 1594 1550 Spengolio
1611 1466 1724 1530 citatus
1741 1463 1972 1539 rhetoncerum,

209 1583 263 1667 qui
284 1584 332 1648 eet
355 1585 392 1648 de
413 1585 562 1650 bonam
581 1603 685 1649 rerum
702 1584 807 1662 abusu,
829 1583 855 1662 I,
880 1584 908 1647 1.
932 1583 1051 1655 135511.
1074 1581 1094 1645 4
1114 1583 1205 1650 τοῦτό
1227 1612 1268 1670 γε
1289 1583 1401 1650 κοινόν
1417 1585 1482 1651 ἐστι
1504 1583 1591 1652 κατὰ
1609 1585 1738 1652 πάντων
1753 1583 1816 1651 τῶν
1830 1581 1973 1670 etp-aenio

207 1705 299 1785 πλὴν
321 1704 461 1790 ἀρετῆς.
506 1705 551 1768 At
571 1705 676 1769 nestro
696 1703 774 1781 leco,
797 1701 1014 1787 Spengelins
1036 1701 1153 1785 inquit,
1179 1701 1403 1786 intellegendae
1430 1704 1503 1768 sunt
1526 1721 1588 1768 non
1608 1702 1741 1767 morales
1761 1701 1892 1768 virtutes
1918 1697 1973 1763 sed

207 1823 432 1888 intellectuales
455 1824 504 1908 (αἱ
524 1820 723 1906 διανοητικαὶ
745 1820 877 1907 ἀρεταί).
920 1821 1032 1900 Audi0,
1054 1820 1108 1885 sed
1128 1821 1263 1904 primum
1283 1821 1423 1904 exempla
1442 1821 1581 1904 requiro,
1611 1822 1720 1904 quibus
1742 1818 1893 1906 φρονήσει
1914 1814 1970 1885 καὶ

208 1941 302 2030 ἀρετῇ
320 1941 516 2025 prudentiam
533 1941 743 2024 reliquamque
758 1941 906 2006 virtutem
928 1941 1171 2006 intellectualem
1192 1939 1361 2024 significari
1380 1958 1470 2025 pesae
1488 1941 1641 2024 probetur,
1663 1938 1772 2040 deindo
1792 1938 1847 2002 ubi
1866 1937 1971 2019 ingeni

206 2060 340 2140 habitus,
362 2061 473 2144 quibus
493 2061 526 2124 in
548 2061 663 2125 malam
681 2064 801 2144 partem
822 2063 917 2144 aeque
931 2063 1023 2145 atque
1044 2061 1077 2124 in
1095 2061 1209 2127 bonam
1229 2060 1278 2124 uti
1297 2059 1399 2137 liceat,
1421 2060 1453 2123 in
1472 2059 1611 2124 medium
1632 2059 1695 2124 sint
1716 2057 1897 2142 proferendi.
1919 2056 1971 2120 vin

205 2180 357 2245 menam
377 2181 502 2246 nomine
521 2199 572 2246 ees
594 2181 633 2246 ab
653 2181 718 2246 ullo
741 2181 890 2264 scriptore
909 2180 1063 2263 prelatum
1083 2179 1125 2244 iri
1145 2179 1293 2258 arbitrer,
1322 2177 1452 2262 denique
1472 2180 1624 2246 virtutum
1651 2177 1908 2244 intellectualium
1932 2176 1970 2239 ad

157 2381 160 2387 Ι
206 2300 289 2364 recte
310 2299 364 2363 aut
386 2300 500 2365 iniuste
522 2299 675 2383 agendum
698 2301 819 2383 praeter
840 2298 999 2384 φρόνησιν
1015 2299 1148 2382 pertinet
1168 2297 1300 2382 nulla0).
1343 2297 1409 2362 Aut
1428 2298 1525 2383 igitur
1546 2298 1608 2364 alio
1629 2298 1721 2363 mede
1742 2296 1970 2382 interpretanda

206 2421 278 2484 811111
298 2419 391 2484 verba
410 2417 620 2503 χαλεπωτάτη
641 2414 708 2504 γὰρ
729 2416 842 2486 ἀδικία
862 2411 990 2502 ἔχουσα
1004 2411 1098 2502 data,
1118 2416 1177 2485 ὅδ’
1194 2413 1370 2504 debereque
1389 2412 1474 2485 daea
1495 2414 1581 2503 ἔχων
1603 2418 1716 2503 φύεται
1740 2417 1892 2504 φρονήσει
1911 2415 1968 2483 καὶ

206 2539 316 2626 ἀρετῇ,
345 2533 391 2616 οἷς
420 2535 469 2604 ἐπὶ
495 2535 651 2604 τάναντία
672 2529 737 2603 ’ἔστι
763 2537 910 2622 χρῆσθαι
934 2534 1078 2622 μάλιστα
1102 2537 1156 2601 aut
1187 2536 1359 2620 eenuptela
1385 2536 1467 2600 inest
1493 2536 1526 2600 in
1555 2553 1629 2601 1000
1652 2535 1749 2624 α’ρενῇ
1804 2537 1872 2601 Iam
1896 2553 1968 2600 11010

205 2675 282 2740 quae
304 2657 370 2722 sela
391 2655 558 2740 excogitari
586 2656 690 2739 potest
716 2655 779 2720 alia
803 2655 1016 2739 interpretatio
1044 2654 1335 2720 aldentaeatino
1363 2656 1536 2740 excogitata
1561 2655 1869 2741 Bernayaioqueq
1897 2675 1968 2739 pre-

205 2777 278 2842 bata
300 2793 409 2855 „arma
428 2775 544 2840 habena
565 2773 604 2838 ad
623 2774 820 2857 prudentiam
842 2777 873 2839 et
894 2775 1066 2840 virtutem“
1084 2792 1145 2838 non
1166 2775 1233 2839 sine
1255 2793 1345 2840 eausa
1363 2775 1523 2859 displicuit
1541 2775 1723 2860 Hampkie
1737 2777 1776 2859 10)
1792 2775 1823 2838 et
1838 2774 1967 2840 Senni-

203 2897 304 2961 tzero
319 2894 373 2979 ¹¹):
394 2911 524 2976 querum
544 2894 726 2976 argumenta
743 2893 804 2957 etsi
828 2912 890 2958 nen
911 2893 1015 2958 emnia
1035 2911 1105 2958 mea
1130 2893 1229 2958 facere
1249 2911 1392 2977 possum,
1421 2911 1528 2959 verum
1554 2895 1660 2958 tamen
1689 2895 1820 2959 estnon
1847 2892 1881 2957 id
1906 2893 1967 2975 agi,

204 3031 280 3078 num
301 3012 411 3078 11111111
437 3011 501 3077 sint
525 3029 612 3076 arma
637 3010 806 3089 destinata,
835 3011 889 3076 sed
908 3029 985 3096 qnae
1005 3012 1070 3076 sint
1088 3013 1139 3077 vel
1159 3012 1227 3096 ipsa
1247 3029 1333 3076 arma
1353 3011 1404 3078 vel
1431 3031 1480 3076 res
1501 3031 1587 3077 arma
1608 3013 1827 3096 comparantes.
1870 3011 1967 3091 Quidl

206 3131 405 3216 Bernaysio
430 3130 459 3195 si
479 3147 536 3195 nes
558 3131 824 3196 accommodantes
845 3130 973 3196 affectus
995 3130 1072 3195 haec
1090 3147 1176 3195 arma
1197 3149 1264 3196 esse
1284 3131 1444 3210 briannus,
1464 3148 1565 3197 nonne
1583 3131 1693 3197 bestiis
1710 3130 1967 3214 quequeaffeotus

206 3253 278 3318 sunt
297 3251 344 3329 et,
363 3249 392 3314 si
414 3251 501 3330 sunt,
523 3267 598 3314 nom
615 3250 729 3314 idcirco
750 3249 783 3313 in
804 3250 980 3315 hominibus
1001 3251 1103 3334 magis
1124 3251 1196 3314 sunt
1217 3250 1398 3334 periculosi,
1420 3248 1502 3334 qued
1521 3251 1555 3314 in
1577 3251 1622 3315 eis
1644 3252 1755 3316 virtuti
1776 3251 1887 3316 debent
1903 3268 1968 3315 ser-

206 3373 294 3437 vire?
336 3370 421 3451 Quae
442 3387 513 3434 cnm
532 3370 578 3433 ita
597 3368 676 3448 sint,
699 3369 839 3452 quamvis
859 3370 943 3433 recte
970 3368 1176 3435 observaverit
1197 3369 1481 3447 Montecatinus,
1509 3368 1538 3433 si
1558 3369 1745 3434 Aristoteles
1772 3369 1967 3452 pnrdentiam

205 3489 325 3555 homini
346 3489 378 3554 et
397 3489 546 3554 virtutem
565 3489 725 3572 tamquam
745 3505 831 3552 arma
850 3488 923 3552 data
936 3505 1002 3553 esse
1017 3488 1116 3553 dicere
1130 3489 1288 3567 voluisset,
1309 3488 1503 3554 scribendum
1526 3489 1555 3552 ei
1576 3489 1680 3572 potius
1701 3487 1967 3574 1111111φρ1νησνν

206 3606 263 3678 καὶ
284 3607 414 3695 ἀρενήν,
443 3607 516 3692 quid
545 3606 691 3692 impedit,
720 3625 758 3671 no
777 3605 939 3690 prudentia
966 3609 997 3672 et
1024 3607 1057 3672 id
1084 3607 1165 3690 quod
1186 3607 1242 3674 sub
1271 3609 1411 3690 corrupto
1433 3607 1581 3673 vocabulo
1600 3607 1696 3695 ἀρενῇ
1724 3608 1802 3672 latet
1821 3625 1883 3672 nen
1900 3607 1968 3689 ipsa

205 3746 292 3794 arma
310 3727 365 3792 sed
384 3746 433 3792 res
452 3729 525 3805 sint,
546 3727 657 3810 quibua
675 3743 761 3791 arma
776 3725 949 3792 offerantur.
970 3727 1065 3791 armis
1087 3728 1191 3791 antem
1212 3727 1365 3810 praesidia
1382 3727 1439 3791 illa
1457 3725 1536 3793 vai-ii
1549 3728 1670 3811 generis
1685 3729 1776 3812 atque
1790 3725 1968 3791 adiumenta

206 3847 605 3934 significentur,unicuique
630 3847 815 3924 necessaria,
849 3845 1088 3928 quotiescunque
1116 3863 1191 3929 opus
1219 3847 1371 3911 iniustum
1397 3845 1465 3911 tuto
1490 3850 1665 3931 perpetrare
1692 3848 1785 3913 relitl
1829 3848 1870 3911 Et
1896 3865 1966 3910 eum

205 3971 325 4052 praeter
343 3967 538 4051 prudentiam
556 3968 608 4032 vix
629 3965 709 4030 alim
730 3965 828 4029 animi
848 3963 972 4028 habitus
994 3965 1175 4042 inveniatur,
1197 3983 1257 4048 quo
1279 3965 1400 4030 homini
1420 3968 1521 4050 magis
1543 3986 1635 4050 quam
1652 3967 1761 4031 ceteris
1781 3965 1965 4031 animalibus

207 4089 282 4152 haec
308 4105 395 4152 arma
419 4087 479 4150 tali
503 4087 623 4151 ratione
648 4084 863 4168 praebeantur,
887 4083 1004 4147 utnon
1024 4083 1127 4148 minus
1153 4083 1192 4148 ad
1220 4083 1299 4148 bona
1327 4085 1479 4167 quemad
1508 4088 1638 4151 scelesta
1665 4086 1799 4151 facinora
1827 4084 1966 4150 adhiberi

206 4209 330 4289 queant,
354 4207 415 4274 nisi
442 4206 615 4271 constantia
642 4206 673 4270 et
699 4203 938 4287 perseverantia,
966 4223 1020 4286 pre
1047 4203 1142 4292 ἀρνῇ
1166 4203 1359 4269 scribendum
1387 4223 1455 4269 esse
1483 4205 1627 4293 ἐνεργείᾳ
1654 4209 1708 4270 aut
1735 4204 1886 4290 καρτερίᾳ
1912 4207 1966 4269 aut

206 4326 301 4390 eliam
322 4325 460 4390 eiusdem
481 4343 588 4390 sensus
603 4343 709 4390 vocem
723 4323 808 4389 nullo
823 4323 914 4389 medo
935 4340 1040 4389 vereor
1054 4322 1216 4404 quominus
1231 4323 1297 4388 aine
1319 4325 1385 4389 iure
1399 4341 1468 4390 meo
1491 4325 1699 4390 mntenderim
1713 4324 1762 4408 ι1),
1783 4325 1966 4408 praesertim

373 4652 402 4715 e)
421 4652 450 4702 In
469 4651 536 4702 111111.
556 4652 637 4703 Rhea.
657 4653 717 4703 XX.
738 4671 761 4719 p.
782 4658 839 4704 511.
859 4671 883 4704 n.
904 4661 926 4704 e.

373 4748 402 4814 1)
421 4747 451 4798 1..
470 4747 487 4796 1.
507 4763 531 4813 p.
552 4753 566 4796 5
586 4748 656 4813 (11).

372 4843 400 4906 8)
420 4840 459 4894 cf.
480 4841 604 4892 Zellcri
623 4842 715 4908 philos.
735 4843 889 4894 Graecorum
907 4840 961 4894 11⁵.
982 4860 1005 4909 p.
1026 4849 1074 4894 1100
1094 4861 1148 4909 sqq.

371 4938 400 5002 0)
420 4936 572 5000 Grundztlgc
590 4937 633 4988 dor
652 4938 797 4990 verterenen
811 4937 983 5001 Abhandlung
1001 4939 1044 4988 des
1058 4938 1206 4989 Amemteles
1225 4939 1286 4989 dbcr
1299 4939 1425 5003 Wirlung
1443 4940 1488 4989 der
1502 4939 1637 5004 Tregedie,
1658 4939 1738 4988 Bresl.
1754 4936 1965 4988 meccedem.

203 5051 227 5100 p.
247 5039 354 5098 200111.

347 5129 390 5189 10)
409 5129 537 5179 Kritisoho
546 5130 596 5178 und
608 5131 766 5194 exegetische
775 5129 966 5194 Bomerkungen
976 5129 1038 5181 uber
1047 5130 1093 5180 dae
1107 5135 1128 5180 1.
1138 5128 1211 5180 Buch
1221 5129 1264 5180 der
1275 5129 1370 5180 Politik
1379 5131 1422 5182 dos
1433 5131 1589 5189 Aristoteles,
1597 5130 1677 5196 Lyck.
1688 5127 1932 5194 MDCCCLXlle.
1945 5136 1964 5176 1.

344 5225 436 5286 11)1n
456 5223 509 5274 noa
527 5223 548 5275 1.
571 5229 644 5274 raes.
664 5215 766 5289 p.'sre.

344 5319 388 5385 10)
407 5319 437 5369 1..
456 5319 473 5368 1.
494 5336 517 5385 p.
540 5325 589 5368 1115
613 5335 651 5384 sq.
669 5335 692 5368 n.
716 5325 736 5368 1.
773 5319 920 5370 Germanico
941 5322 976 5371 sie
1000 5321 1051 5372 lere
1070 5321 1193 5372 silcamus:
1227 5320 1313 5380 „donn
1338 5321 1383 5370 dns
1409 5319 1586 5370 Furcbtbarste
1610 5321 1642 5370 ist
1666 5321 1705 5370 die
1731 5319 1963 5385 Ungerecbtigteit,
