4670 5824
1049 345 1300 424 ...17-

287 548 396 638 qinons
419 591 460 632 ,-
481 555 576 643 γένος
597 575 626 620 ν.
652 557 775 622 18-22
797 558 940 636 remotis,
966 559 1104 626 attamen
1126 579 1187 628 non
1209 579 1245 626 ea
1267 561 1333 626 sola
1354 561 1509 627 secludere
1532 561 1679 628 debebam
1701 564 1732 628 in
1754 563 1888 631 editione
1910 566 1995 643 me'a,
2018 583 2056 631 ne

286 671 401 738 falsamw
421 674 556 758 speciem
578 675 752 755 excitarem,
775 695 812 742 ae
833 679 861 742 si
883 678 941 744 boo
963 680 1091 744 alterius
1109 681 1339 765 interpolatoris
1364 679 1610 746 additamentum
1633 701 1699 747 esse
1722 685 1877 768 putarem:
1898 686 1995 751 immo
2018 685 2056 750 ab

286 809 347 857 uno
369 793 473 858 omnia
494 796 566 860 sunt
585 795 736 880 proiema,
768 798 879 882 quippe
903 797 972 881 qui,
998 799 1033 862 ut
1059 800 1211 864 austeris
1237 818 1299 865 non
1328 800 1478 865 abstinuit
1502 801 1593 865 rebus
1622 803 1654 866 in
1682 803 1763 868 huno
1791 804 1893 870 locum
1925 805 2055 870 minime

286 909 517 993 quadrantibus,
537 915 584 979 ita
605 933 642 980 ne
665 916 890 999 hancquidem
911 893 1068 1000 docuinae
1090 935 1163 984 suae
1185 920 1425 986 ostentationem
1446 921 1507 986 sibi
1527 922 1664 1003 potnerit
1686 922 1845 1007 denegare.

452 1031 563 1098 Finem
584 1035 717 1119 imponit
739 1036 874 1100 externis
893 1036 1123 1102 condicionibus
1137 1037 1364 1121 persomtandis
1388 1039 1425 1104 de
1445 1041 1538 1105 urbe
1561 1059 1655 1123 agens
1669 1041 1871 1126 philosophus
1884 1062 1940 1126 per
1953 1043 2055 1126 eapite

285 1147 532 1218 undecimum
555 1155 586 1218 et
609 1153 890 1219 duodecimum.
936 1155 1004 1236 Qua
1031 1157 1064 1221 in
1093 1155 1308 1222 dissertatione
1335 1160 1373 1222 ut
1399 1159 1555 1243 permulta
1580 1161 1686 1223 insunt
1710 1159 1822 1226 misere
1852 1165 2063 1247 eonupta⁴²),·

284 1267 424 1350 sicquae
443 1271 480 1336 de
498 1271 563 1338 foro
582 1273 738 1357 superiore
756 1273 790 1338 in
807 1274 946 1340 medium
962 1276 1156 1360 proferuntur
1176 1277 1209 1342 in
1224 1277 1325 1360 eapite
1343 1276 1576 1342 duodecimo
1598 1279 1773 1363 aenigmata
1786 1282 1960 1365 proponunt
1973 1299 2053 1346 nouo

284 1403 358 1452 sane
372 1387 489 1474 Oedipo
505 1390 598 1477 digna
619 1391 658 1458 ad
679 1392 876 1458 solvendum:
898 1393 979 1460 mihi
1000 1395 1078 1460 satis
1101 1396 1161 1460 erit
1175 1394 1394 1461 difficultatum
1414 1399 1556 1462 naturam
1575 1397 1686 1482 magis,
1708 1415 1800 1480 quam
1820 1398 1920 1464 adbuc
1937 1399 2053 1466 lactum

284 1508 343 1584 est,
363 1509 529 1590 apamisse.
572 1510 610 1574 ln
637 1510 741 1578 Verbis
763 1511 860 1595 igitur
886 1514 944 1591 τὰς
964 1513 999 1583 δὲ
1029 1519 1093 1593 τοῖς
1121 1518 1259 1601 senice)
1288 1517 1528 1601 ἀποδεδομένας
1554 1517 1694 1597 οἰκήσεις
1716 1515 1772 1584 καὶ
1801 1517 1839 1583 τὰ
1870 1519 2053 1604 κυριώτατα

284 1627 507 1714 τῶνάρχείων
522 1633 560 1716 ⁴⁴)
585 1631 741 1699 συσσίτια
772 1629 920 1718 ἁρμόττει
946 1634 1042 1702 τόπον
1071 1635 1243 1719 ἐπιτήδειόν
1265 1663 1296 1701 τε
1318 1631 1481 1719 ἔχεινκαὶ
1515 1634 1570 1701 τὸν
1589 1632 1706 1718 αὐτόν,
1734 1634 1845 1712 133144,
1868 1637 2063 1722 24-26⁴⁶),·

283 1761 355 1810 dum
378 1748 417 1814 τὰ
439 1749 622 1836 κυριάτοιτα
641 1751 704 1818 τῶν
724 1749 865 1837 άρχείων
886 1751 1040 1822 συσσίτια
1061 1773 1116 1838 pro
1139 1753 1178 1822 τὰ
1201 1756 1264 1822 τῶν
1285 1755 1491 1841 κυριωτάτων
1514 1751 1654 1839 άρχεῖων
1669 1753 1824 1821 συσσίτια
1839 1754 1900 1820 dici
1913 1755 2051 1838 potuisse

282 1863 367 1929 band
387 1865 479 1931 facile
501 1869 544 1933 sit
569 1868 609 1933 ad
629 1868 831 1950 credendum,
859 1873 947 1938 acute
969 1871 1243 1963 spongelinsss)
1273 1874 1429 1943 συσσίτια
1456 1872 1554 1950 delet,
1583 1873 1619 1936 ut
1641 1873 1774 1958 ἀρχεῖον
1796 1891 1856 1938 non
1874 1874 2051 1960 collegium,

281 1985 339 2050 sed
358 1988 547 2070 praetorium
574 1989 830 2076 (Amtsgebande)
860 1990 1028 2076 signifieat,
1059 1993 1228 2076 probatque
1254 1993 1314 2058 boe
1343 1991 1588 2058 Schmidtius:
1611 1993 1768 2076 praeterea
1789 1992 1869 2058 inira
1894 1995 1927 2058 in
1948 1996 2050 2059 uerbis

281 2103 347 2172 darei
369 2105 403 2174 dt
422 2105 456 2175 τὸ
479 2113 600 2190 redigor,-
622 2111 676 2191 τῆς
697 2109 1003 2199 πάλιως.διαιρεΐται
1025 2114 1068 2187 εἰς
1087 2113 1176 2198 ἱερεῖς
1197 2115 1240 2189 εἰς
1262 2106 1444 2199 άρχοντας,
1473 2113 1577 2198 πρέπει
1599 2109 1655 2180 καὶ
1685 2113 1747 2178 τῶν
1769 2112 1875 2200 ἱεράων
1897 2111 2051 2180 evenirent

279 2223 349 2309 trapi
378 2224 435 2307 τὴν
464 2229 528 2294 redu
561 2229 651 2314 ἱερῶν
679 2230 946 2317 οἰκοδομημάτων
974 2225 1139 2315 ἔχειντὴν
1162 2231 1264 2318 τάξιν,
1286 2232 1316 2308 b,
1338 2231 1432 2308 4-6,
1455 2229 1674 2315 Spangolius
1699 2233 1770 2296 anta
1792 2225 1879 2314 ἔχειν
1901 2229 2050 2296 excidisse

277 2344 395 2432 χάραν
416 2341 496 2415 εἶναι
520 2345 576 2414 καὶ
598 2345 638 2412 τὰ
661 2347 723 2414 τῶν
746 2347 916 2434 ἀρχόντων
938 2351 973 2417 ἕν
988 2357 1052 2428 τοῖς
1066 2349 1209 2437 ἀρχείοις
1223 2350 1280 2433 τὴν
1299 2346 1401 2432 αὐτὴν
1415 2349 1465 2414 vel
1480 2349 1598 2414 Similia
1612 2350 1805 2424 dementavit,
1822 2349 2049 2416 Schmidtius

278 2466 386 2548 potius
408 2467 440 2530 et
459 2485 514 2549 pro
537 2465 644 2553 ἱερέων
670 2469 702 2532 et
727 2485 781 2550 pro
808 2469 901 2554 ἱερῶν
927 2470 1122 2536 scribendum
1143 2470 1314 2557 adoptione
1338 2485 1405 2532 esse
1426 2469 1525 2552 putat.
1568 2471 1717 2534 Attamen
1737 2469 1874 2552 primurn
1895 2469 2050 2536 ωισσίιια

275 2585 521 2670 magistratuum
550 2587 603 2652 vir
633 2585 777 2653 differunt
803 2589 847 2654 ab·
871 2590 916 2654 eis
944 2589 1111 2667 aedificiis,
1145 2588 1314 2670 inquibus
1341 2586 1473 2670 collegia
1502 2589 1742 2672 magistratuum
1768 2589 1990 2671 congregantur
2010 2586 2049 2652 ad

276 2705 404 2788 negotia
425 2723 588 2771 munerum
609 2705 749 2791 gerenda,
772 2725 843 2772 oum
864 2708 897 2771 in
918 2707 963 2772 eis
985 2707 1067 2772 baud
1090 2706 1181 2772 dubie
1194 2707 1290 2772 etiam
1308 2706 1346 2772 ad
1368 2724 1457 2772 cenas
1473 2715 1650 2772 communes
1671 2706 1761 2784 itent,
1785 2707 1897 2791 quippe
1919 2723 2048 2788 querum

278 2823 361 2888 alius
381 2824 468 2890 loeus
489 2825 618 2891 idoneus
639 2827 769 2908 nequeat
791 2827 968 2910 excogitari.
1001 2827 1119 2892 Deinde
1140 2845 1211 2892 oum
1232 2830 1297 2890 tres
1320 2825 1383 2891 sint
1405 2827 1508 2909 partes
1523 2826 1671 2903 ciuitatis,
1692 2825 1875 2901 militantes,
1896 2825 2047 2908 regentes,

276 2944 469 3024 sacerdotes,
499 2946 603 3011 omnia
624 2947 701 3011 bene
722 2965 756 3011 se
779 2946 949 3030 excipiunt,
974 2947 1003 3012 si
1030 2946 1227 3032 syssitiorum
1256 2945 1344 3012 sedes
1366 2945 1514 3012 definiens
1541 2946 1579 3012 ab
1610 2946 1702 3010 initio
1723 2945 1761 3011 de
1779 2943 1986 3010 militantium
2006 2945 2047 3028 (a,

278 3063 553 3149 19·-22)„postea
574 3065 612 3130 de
633 3066 816 3149 regentium
838 3068 994 3150 postremo
1018 3065 1056 3130 de
1075 3065 1268 3131 sacerdotum
1290 3065 1426 3150 syssitiis
1448 3065 1569 3130 loeutus
1584 3083 1646 3129 non
1666 3065 1771 3130 tamen
1792 3065 1932 3129 omnium
1946 3064 2047 3148 magi-

273 3185 433 3250 stratuum
452 3185 540 3250 sedes
561 3185 593 3250 in
624 3183 690 3249 foro
718 3184 773 3249 illo
803 3185 958 3269 superiore
980 3187 1129 3252 eonstitui
1148 3202 1239 3269 posse
1260 3188 1289 3265 b,
1311 3189 1331 3253 6
1354 3206 1419 3271 sqq.
1442 3186 1556 3252 adiecit
1576 3184 1820 3268 Aristotelesfl).
1852 3183 2047 3264 Quamquam

272 3321 317 3366 ne
337 3303 384 3368 sio
406 3303 531 3388 quidem
553 3304 676 3386 qualem
696 3306 800 3370 locum
818 3305 971 3388 accipiant
993 3321 1099 3370 eorum
1121 3305 1237 3370 ciuium
1259 3307 1399 3390 syssitia,
1428 3306 1482 3388 qui
1508 3324 1543 3370 ox
1572 3322 1698 3369 numero
1729 3303 1853 3386 quidem
1872 3302 2059 3388 regentium«
2090 3291 2093 3298 ’

278 3422 434 3500 suntsed
456 3425 644 3509 pemdiarem
660 3423 879 3508 magistratum
901 3423 960 3488 boe
979 3422 1029 3487 uel
1051 3421 1107 3487 illo
1128 3423 1267 3508 tempore
1287 3442 1349 3490 non
1369 3427 1494 3507 gerunt,
1522 3424 1746 3508 interrogantes
1767 3423 1895 3488 ierimus
1919 3441 2046 3507 respon-

273 3557 357 3620 sum,
377 3562 434 3608 nee
452 3560 513 3609 non
532 3545 639 3609 ntrmr
660 3543 765 3608 omnia
785 3542 992 3608 militantium
1012 3540 1045 3605 in
1061 3542 1196 3608 tmribus
1217 3561 1375 3610 murorum
1397 3544 1461 3610 sint
1482 3562 1521 3610 an
1540 3561 1611 3629 pars
1630 3544 1763 3621 tantum,
1785 3542 1837 3607 vel
1857 3544 1904 3608 sio
1917 3543 2047 3609 dubium

271 3663 389 3726 manet.
418 3662 558 3746 Denique
578 3663 743 3747 postquam
762 3662 957 3739 Aristoteles,
979 3661 1008 3726 si
1023 3661 1260 3746 Spengelinm
1273 3664 1426 3742 andimm,
1447 3663 1513 3729 iam
1536 3662 1616 3728 dixit
1636 3661 1791 3746 praetoria
1806 3663 2046 3747 magistratuum

276 3779 471 3862 superiorum
492 3783 526 3846 in
547 3782 613 3848 foro
636 3782 791 3865 superiore
814 3799 880 3846 esse
903 3780 1060 3866 erigenda,
1089 3783 1141 3846 rix
1164 3799 1240 3866 opus
1268 3785 1334 3848 erat
1362 3783 1450 3850 tanta
1477 3783 1639 3847 vorbomm
1669 3782 1813 3868 ambage,
1841 3785 1987 3864 quantam
2015 3783 2044 3845 ei

441 4024 490 4090 ⁴2)
507 4023 549 4074 Ι)ο
566 4023 658 4090 quibua
677 4024 717 4088 egi
737 4023 754 4073 l.
765 4022 782 4072 l.
792 4039 817 4090 p.
826 4029 876 4074 400
886 4039 943 4089 sqq.
979 4023 1018 4074 lbi
1032 4019 1097 4074 01²¹
1112 4023 1206 4075 codicia
1218 4023 1329 4087 vestigiis
1342 4037 1364 4073 ο.
1381 4029 1420 4073 ll.
1437 4022 1529 4084 laaoh,
1544 4027 1568 4072 6.
1582 4020 1694 4092 ὀμβρίου
1709 4015 1804 4076 idam
1813 4021 1920 4071 restitui:
1935 4019 2056 4072 somme

271 4117 387 4178 praestat
405 4103 525 4178 ineptus
543 4104 656 4172 άδάτνιν,
682 4125 738 4160 cum
759 4108 895 4172 Guilelmi,
918 4117 947 4160 nt
964 4111 1007 4178 qui
1027 4117 1109 4162 vertat
1126 4125 1267 4176 „aquarum
1285 4109 1427 4170 imbrium“,
1452 4109 1516 4160 liber
1534 4103 1639 4164 άδάτοιν
1656 4105 1765 4180 ὄμβρων
1783 4105 1901 4156 habuisse
1919 4106 2041 4170 videatur,

270 4197 306 4248 ln
330 4195 410 4246 verbis
428 4195 549 4262 proximis
574 4187 642 4248 άοτε
664 4189 798 4264 μηδέποτε
817 4189 974 4250 inumerare
990 4189 1155 4264 εἰργομένων
1178 4197 1216 4260 (v.
1236 4199 1250 4244 6
1270 4195 1336 4261 eq),
1360 4197 1385 4246 in
1411 4195 1502 4262 quibus
1528 4194 1648 4249 Coraca
1666 4191 1825 4250 ἐπιλείπειν.
1851 4191 2042 4256 Madvigius

267 4283 357 4349 polius
375 4276 667 4351 cr'pyoprdvorr‚oouiactt,
685 4281 748 4332 nihil
766 4283 914 4332 mutandum
933 4297 987 4333 csse
1005 4283 1096 4332 docent
1113 4281 1228 4346 exempla
1248 4295 1263 4329 a
1282 4279 1437 4331 Boniurio
1458 4282 1481 4330 iu
1495 4283 1551 4332 Ind.
1572 4284 1678 4334 Artatur.
1699 4297 1718 4331 s.
1739 4295 1762 4328 r.
1781 4273 2040 4332 materensibus.

440 4369 488 4436 43)
506 4369 548 4420 Sic
566 4368 603 4419 P*
624 4378 649 4420 ct
667 4368 802 4419 dratinus:
820 4375 867 4421 cat.
885 4370 978 4422 ocreas.
2086 4351 2090 4362 ¹

442 4456 490 4521 4⁴)
508 4454 550 4506 sic
567 4469 633 4506 unua
650 4453 699 4516 P',
717 4449 836 4522 άρχοάιιν
855 4451 1086 4506 M⁸P¹·’·³·Sbe
1105 4461 1130 4506 ct
1148 4453 1227 4514 Gall,
1245 4449 1338 4522 άρῑιιῖν
1355 4453 1517 4507 P⁴·⁰wa⁸
1541 4456 1613 4506 Aret
1632 4455 1692 4506 alul.

442 4541 488 4608 45)
507 4542 548 4593 Dc
574 4541 656 4592 verbis
679 4541 756 4608 paulo
783 4547 841 4607 post
863 4541 1025 4607 sequentihus
1049 4533 1129 4608 εἴηὸ
1151 4534 1186 4591 ἓν
1208 4559 1235 4594 ιι.
1253 4557 1277 4592 τ.
1299 4537 1338 4602 L,
1361 4557 1385 4590 ν.
1405 4547 1437 4592 28
1457 4557 1525 4607 sqq,
1550 4541 1655 4591 disserui
1682 4541 1777 4608 Ι.1.ρ.
1797 4543 1858 4591 4⁰2.
1893 4538 1950 4590 Non
1975 4539 2040 4588 male

266 4628 482 4686 Cbcndlarna
501 4629 615 4680 Thomna
634 4627 771 4694 Aquinatir
792 4627 971 4679 commentario
989 4628 1059 4678 nicus
1077 4622 1239 4694 ἐπιφάνειαν
1258 4634 1282 4679 ct
1299 4627 1377 4680 θέσιν
1396 4627 1460 4678 inter
1478 4643 1505 4679 co
1523 4631 1687 4696 permutanda
1699 4642 1754 4680 erse
1766 4633 1858 4687 censet,
1877 4634 1904 4675 nt
1920 4625 1957 4674 sic
1973 4635 2040 4674 certa

265 4715 344 4766 simul
363 4733 391 4767 τε
410 4723 455 4764 aut
473 4713 607 4764 dolendum
626 4721 669 4764 aut
688 4713 808 4764 suadente
833 4711 1021 4762 Schmidtto
1039 4719 1098 4778 post
1115 4710 1169 4776 dgna
1184 4707 1251 4780 πρός
1269 4713 1482 4779 transponendum
1502 4723 1554 4776 cst,
1579 4721 1608 4764 nt
1626 4723 1751 4768 strumum
1771 4714 1918 4772 verborum,
1939 4713 1970 4762 dc
1988 4727 2039 4777 qua

265 4804 286 4853 1.
308 4799 325 4852 Ι.
342 4801 405 4862 dixi,
423 4801 576 4850 restituatur.

438 4889 484 4949 46)
504 4885 533 4936 L.
554 4885 570 4936 l.
589 4903 615 4953 p.
635 4891 667 4938 36
687 4882 748 4956 (88)
768 4903 804 4954 sq.

438 4973 485 5037 47)
504 4973 582 5022 Recto
601 4971 815 5038 Spoagclius:
834 4989 916 5041 „quac
935 4983 972 5026 est
991 4973 1148 5026 consecutio:
1167 4987 1222 5024 curn
1242 4973 1370 5024 dividatur
1388 4975 1476 5024 civitas
1495 4975 1520 5028 in
1538 4974 1680 5026 sacerdotes
1699 4985 1723 5028 ct
1742 4975 1882 5032 mellontos,
1900 4970 1959 5021 illoc
1976 4985 2053 5021 annu

265 5059 337 5111 viria
354 5058 447 5110 bnhcrc
465 5073 543 5124 prope
562 5059 637 5110 aedes
656 5075 741 5111 sacras
760 5063 890 5123 convenit,
914 5063 960 5114 bos
978 5077 1038 5114 vero
1056 5059 1185 5122 inferiores
1204 5059 1256 5110 alio
1279 5063 1305 5113 in
1332 5058 1388 5112 loro
1406 5059 1561 5112 habitara?“
1586 5067 1612 5111 ut
1630 5061 1697 5112 hanc
1721 5057 1922 5113 consecutionem
1938 5057 1992 5123 ipre
2010 5060 2036 5110 iu

265 5143 347 5195 verba
364 5143 453 5194 inierit
472 5159 530 5194 narn
548 5152 642 5209 puncto
662 5154 720 5198 nuto
739 5141 793 5199 τοῖν
810 5141 832 5198 ὅ
852 5141 966 5215 ἀρχείων
992 5167 1018 5200 ιι.
1039 5165 1062 5198 τ.
1082 5143 1107 5198 l.
1127 5153 1193 5197 recte
1212 5146 1419 5212 interpunxernnt
1439 5145 1609 5197 Belrkcrus
1628 5146 1721 5213 aliique
1740 5149 1855 5205 editores,
1873 5153 1898 5196 et
1914 5145 1945 5194 dc
1966 5151 2037 5210 parta

263 5237 364 5284 tantum
383 5229 532 5281 archontum
551 5229 631 5279 altera
649 5244 731 5281 sermo
749 5241 793 5282 est

1809 5327 1823 5370 a
