4610 5840
1053 195 1281 272 ..g-

300 433 391 493 quam
420 415 504 474 enim
525 409 714 473 Aristoteies
744 411 983 484 demonstravit,
1013 431 1083 472 cum
1111 413 1179 492 ipsa
1201 419 1313 472 natura
1335 418 1441 474 cetera
1463 380 1607 472 animalis
1628 410 1787 472 bominum
1813 412 1945 493 irnperio
1967 411 2044 472 aub-

300 535 381 594 iecto
411 533 491 608 siut,
521 532 604 593 idem
637 531 720 591 inter
747 529 890 591 homines
912 530 997 612 ipsos
1019 531 1059 592 de
1080 532 1126 592 eia
1148 532 1268 606 velere,
1300 532 1353 611 qui
1376 537 1463 591 tanto
1486 531 1555 593 iere
1574 531 1741 592 intervallo
1763 533 1800 592 ab
1823 531 1892 591 aliia
1915 531 2043 604 distant,

299 660 414 730 quanto
440 651 558 712 bestiae
579 651 617 710 ab
641 649 830 723 horninibus,
852 668 969 728 eosque
990 649 1107 710 idcirco
1131 657 1242 711 natura
1264 669 1333 711 esse
1357 669 1473 722 servos,
1497 650 1578 710 baud
1598 669 1673 710 sone
1691 668 1771 709 novo
1795 656 1977 730 argumento
1997 649 2045 708 Iria

298 771 400 830 verbis
422 789 488 830 rem
511 769 692 842 confirmat,
720 767 776 828 sed
802 767 976 829 accuratius
1003 769 1154 848 explicat,
1183 769 1290 848 quales
1316 767 1442 830 tandem
1466 767 1608 828 homiues
1629 769 1694 830 sint
1715 769 1763 829 illi
1785 770 1867 829 servi
1881 753 2044 829 'naturales

299 896 332 949 et
352 889 395 948 Ita
415 888 556 967 quidem,
585 895 620 947 ut
641 887 734 946 simui
756 906 834 965 quae
855 893 948 949 autea
973 894 1060 948 recto
1087 887 1180 948 modo
1206 906 1267 947 ιιοο
1291 887 1366 947 satis
1388 893 1511 948 servato
1536 887 1761 964 contenderat,
1789 889 1823 948 in
1846 889 2042 968 angustiores

299 1006 378 1068 fines
402 1006 569 1086 compellat
596 1005 776 1066 diacrimIne
804 1006 936 1085 quodam
965 1007 1049 1067 inter
1075 1024 1181 1066 servos
1205 1005 1356 1067 eiusmodi
1379 1015 1472 1084 atquc
1495 1006 1612 1067 bestias
1634 1006 1811 1066 statuendo.
1855 1007 1923 1067 Non
1947 1007 2044 1086 igitur

299 1124 384 1186 locus
406 1145 478 1186 esse
496 1125 621 1186 videtur
642 1124 859 1184 coniunctioni
883 1124 1001 1184 causali
1022 1121 1100 1208 γάρ,
1123 1123 1179 1185 scd
1199 1143 1257 1205 pro
1280 1115 1435 1209 ἔστιγὰρ
1456 1124 1656 1184 scribendum
1677 1117 1787 1187 ἔστιν
1807 1115 1886 1208 ἄρα
1899 1121 1951 1206 ¹²).

467 1243 500 1304 ln
519 1245 583 1304 fine
604 1243 717 1322 capitis
739 1242 834 1302 noui
856 1237 971 1317 1258⁶,
993 1238 1035 1302 14
1049 1262 1118 1321 sqq.
1135 1235 1202 1326 περί
1222 1236 1282 1325 pio
1304 1230 1364 1306 οὖν
1385 1239 1438 1322 τῆς
1459 1268 1491 1307 τε
1511 1238 1555 1323 μὴ
1577 1239 1767 1328 ἀναγκαίας
1786 1241 2047 1327 χρηματιστικῆς,

299 1355 356 1424 καί
378 1357 437 1442 τίς,
467 1354 525 1426 καί
547 1357 583 1424 dr'
606 1357 712 1424 αἰτίαν
734 1356 806 1424 τίνα
827 1359 864 1424 ἐν
886 1355 982 1444 χρείᾳ
1002 1353 1099 1444 ἐσμὲν
1119 1355 1232 1442 αὐτῆς,
1257 1351 1390 1444 είρητατ·
1415 1355 1472 1425 καί
1494 1355 1559 1444 περὶ
1581 1359 1636 1439 τῆς
1655 1357 1861 1446 ἀναγκαίας,
1890 1353 1936 1426 ira
1956 1359 2045 1444 ἑτέρα

297 1473 357 1563 μὲν
379 1477 477 1559 αὐτῆς
501 1474 687 1562 οἰκονομικὴ
709 1473 742 1543 δὲ
765 1477 851 1544 κατὰ
873 1476 973 1562 φύσιν
994 1475 1014 1558 ἡ
1035 1473 1101 1562 περὶ
1124 1473 1179 1558 τὴν
1201 1475 1336 1562 τροφήν,
1363 1477 1429 1560 οὐχ
1451 1471 1555 1562 ὥσπερ
1576 1474 1656 1559 αὐτὴ
1679 1470 1806 1564 ἄπειρος
1827 1477 1894 1544 ἀλλ’
1919 1473 2045 1561 ἔχουσα

299 1592 374 1682 ὅρον
396 1566 595 1678 negationem
617 1593 660 1680 μὴ
682 1617 700 1658 a
722 1598 827 1678 priore
848 1592 1037 1683 ἀναγκαίας
1059 1616 1205 1678 separare
1226 1604 1321 1676 atquc
1341 1597 1380 1657 ad
1406 1597 1538 1658 alterurn
1563 1597 1688 1660 trabere
1711 1600 1878 1660 voluerunt
1897 1598 2045 1679 Hamp-

299 1714 442 1800 kius¹⁸)
472 1725 504 1778 et
530 1711 812 1800 ltassovitrsss),
847 1717 958 1794 quibus
985 1734 1042 1776 suo
1071 1715 1140 1776 iure
1170 1714 1333 1776 oblocutus
1361 1726 1408 1776 est
1440 1714 1751 1801 Sconitzorunu)
1785 1724 1872 1777 reete
1903 1718 2045 1778 animad-

299 1843 441 1909 vertcne,
469 1835 573 1896 verbis
595 1832 629 1898 ἐν
650 1830 746 1917 χρείᾳ
767 1828 864 1917 ἐσμὲν
884 1829 983 1913 αὐτῆς
1006 1853 1094 1896 risum
1113 1834 1214 1895 solum
1239 1852 1302 1894 non
1323 1836 1520 1896 necessariae
1545 1836 1625 1897 lueri
1652 1836 1823 1916 quaerendi
1845 1837 1921 1896 artIs
1944 1835 2046 1916 signi-

299 1955 403 2031 ticari,
425 1974 495 2016 com
518 1953 623 2014 multis
646 1955 739 2013 rebus
763 1959 900 2027 utamur,
922 1951 1059 2032 quamvis
1079 1954 1162 2013 bene
1184 1953 1231 2012 eia
1252 1972 1359 2014 carere
1382 1972 1540 2032 queamus.
1584 1953 1711 2014 Addere
1732 1954 1836 2034 potuit
1857 1956 1904 2015 vir
1927 1956 2046 2017 doctis-

300 2076 395 2134 simos
417 2073 466 2133 vix
489 2073 614 2152 piscare
634 2071 812 2132 affectatum
835 2090 934 2150 genus
955 2072 1119 2151 loquendi,
1148 2091 1209 2151 quo
1233 2072 1272 2134 de
1295 2091 1358 2132 non
1381 2073 1558 2134 neccssaria
1580 2072 1734 2134 eiusmodi
1757 2080 1823 2134 arte
1846 2093 1907 2134 non
1931 2075 2046 2136 dictum

300 2210 368 2254 esse
387 2193 460 2271 quid
482 2191 549 2272 ipsa
572 2191 613 2251 sit
634 2198 667 2250 et
690 2209 751 2268 qua
773 2190 894 2250 ratione
916 2191 1132 2252 successoria
1156 2191 1292 2266 differat,
1314 2193 1370 2252 sed
1386 2211 1445 2271 qua
1464 2191 1640 2252 necessaria
1655 2191 1720 2252 sire
1741 2187 1841 2276 ἦπερί
1859 2188 1915 2271 τὴν
1930 2189 2048 2278 τροφὴν

301 2313 337 2372 ab
361 2311 426 2390 ipsa
456 2311 595 2389 scriptor
617 2309 812 2389 pronuntiet.
855 2309 897 2370 At
918 2313 1063 2371 minusue
1085 2309 1231 2371 affectata
1253 2320 1285 2371 ct
1308 2316 1452 2372 contorta
1474 2317 1523 2370 est
1544 2311 1736 2371 constructio
1757 2329 1815 2388 qua
1834 2311 1881 2371 vir
1900 2313 2047 2392 egregius

302 2430 443 2490 traditam
473 2429 642 2489 lectionem
670 2427 845 2488 defendere
873 2436 1002 2489 conatus
1031 2436 1094 2504 cat,
1125 2425 1144 2509 ἡ
1170 2423 1237 2512 περὶ
1260 2425 1316 2508 τὴν
1336 2426 1454 2512 τροφήν
1476 2429 1671 2493 contendens
1692 2448 1756 2488 non
1780 2430 1952 2491 subiectum
1977 2449 2047 2493 esse

301 2549 355 2609 sed
384 2547 611 2628 appositionem
641 2547 811 2626 supplendi
838 2547 972 2609 subiecti
994 2543 1013 2626 ἡ
1038 2543 1235 2632 ἆναγκαίαῖ
1279 2547 1371 2624 Quis,
1400 2565 1534 2626 quaeso,
1565 2565 1699 2626 uuquam
1720 2546 1840 2608 Grecos
1861 2549 1905 2609 ita
1924 2549 2047 2610 locutus

303 2667 376 2740 eati
420 2667 527 2747 Longe
548 2665 645 2744 igitur
667 2665 779 2726 melior
796 2665 881 2726 haud
902 2665 997 2726 dubie
1019 2673 1068 2725 eat
1095 2665 1254 2726 lenissima
1276 2665 1516 2727 Schneideri
1542 2673 1758 2728 correcturas
1780 2665 1903 2728 Corae
1925 2688 2047 2749 quoque

302 2793 430 2867 recepta
457 2773 478 2869 ᾗ
504 2780 573 2869 περὶ
601 2780 658 2864 τὴν
684 2780 812 2868 τροφήν.
858 2785 1046 2863 Quamquam
1078 2804 1118 2846 ne
1148 2784 1225 2844 baec
1251 2783 1376 2862 quidem
1400 2786 1484 2846 omni
1506 2804 1545 2846 ex
1567 2794 1654 2865 parte
1676 2787 1754 2847 mibi
1776 2787 1947 2862 satisfacit,
1977 2807 2047 2848 cum

303 2925 365 2967 uon
389 2907 420 2965 iu
443 2903 527 2964 rictu
548 2910 681 2980 tautum,
703 2901 759 2963 sed
781 2903 874 2963 etiarn
892 2902 924 2964 in
946 2903 1062 2964 ceteris
1080 2905 1174 2964 rebus
1195 2903 1234 2962 ad
1255 2903 1348 2964 vitam
1371 2904 1608 2965 sustentandam
1630 2905 1814 2966 necessarIIs
1829 2905 2046 2986 comparandis

303 3027 364 3086 hoc
389 3019 640 3107 χριριατιστικῆς
661 3039 760 3102 genus
780 3029 937 3097 versetur,
965 3021 1007 3082 ci.
1029 3041 1055 3082 c.
1071 3018 1101 3082 8.
1124 3017 1240 3096 leem,
1266 3016 1307 3081 19
1325 3041 1371 3101 sq.
1397 3016 1453 3086 xci
1479 3013 1578 3102 datm
1595 3018 1747 3106 βοηθείας
1767 3013 1889 3104 ἕνεκεν,
1916 3016 1970 3086 ἵνα
1990 3018 2048 3088 καί

302 3139 402 3222 ἐσθὴς
428 3135 484 3206 καί
513 3130 598 3204 data
624 3130 754 3224 ὄργανα
777 3134 906 3224 γίνηται
937 3140 1115 3220 ibidemque
1137 3136 1214 3200 123
1229 3159 1296 3218 sqq.
1324 3135 1371 3203 ded
1400 3133 1456 3204 καί
1484 3136 1502 3220 ἡ
1530 3137 1682 3224 πολεμικὴ
1710 3137 1804 3223 φύσει
1831 3139 1962 3223 κτητική
1984 3165 2049 3218 πως

302 3256 390 3327 ἔσται
418 3287 449 3325 κ.
469 3282 495 3323 τ.
516 3267 544 3321 i„
573 3268 607 3318 et
633 3277 660 3318 c.
675 3255 706 3319 3.
730 3253 845 3333 12531,
866 3255 908 3320 25
923 3277 990 3338 sqq.
1017 3249 1122 3341 decep
1146 3301 1154 3318 .
1175 3301 1183 3318 .
1207 3301 1214 3318 .
1238 3254 1427 3343 doopaoioo
1450 3301 1458 3318 .
1483 3302 1490 3320 .
1511 3301 1519 3318 .
1543 3254 1764 3343 ὑπάρχοντα
1790 3258 1892 3324 οἰκεῖα
1917 3253 2048 3346 ὄργανα

303 3375 384 3447 οὕτω
413 3375 470 3444 καί
496 3376 539 3460 τῷ
565 3374 761 3460 οἰκονομικῷ
781 3404 814 3441 κ.
829 3398 854 3440 τ.
868 3377 951 3460 issi)
995 3377 1062 3438 Nisi
1090 3377 1189 3457 igitur
1212 3377 1320 3438 eadem
1346 3376 1543 3458 significandi
1569 3377 1771 3458 neglegentia
1800 3398 1859 3456 qua
1883 3380 1916 3441 In
1947 3380 2048 3461 capite

304 3501 425 3564 decimo
446 3498 499 3559 hio
520 3514 642 3575 quoque
665 3513 741 3557 naue
765 3501 814 3556 est
836 3495 1003 3576 Stagirits,
1026 3512 1090 3555 nou
1119 3514 1157 3555 ex
1182 3494 1282 3575 ipsius
1309 3496 1426 3557 calamo
1449 3495 1625 3575 profecturo
1647 3505 1696 3557 est
1716 3502 1815 3560 totum
1841 3499 1902 3560 hoc
1924 3499 2049 3560 addita-

304 3627 453 3690 mentum,
475 3614 530 3678 sed
551 3633 568 3673 a
590 3615 710 3674 lectore
731 3613 835 3693 aliquo
857 3615 1049 3692 adscriptum
1071 3613 1203 3693 margini
1226 3621 1336 3692 postea
1357 3613 1389 3674 in
1410 3615 1478 3695 ipsa
1500 3615 1663 3694 scriptoris
1684 3618 1778 3679 verbo
1797 3616 1935 3698 irrepsit.

471 3733 531 3794 Pro
559 3727 714 3816 ὑλοτομία
745 3731 777 3792 iu
806 3732 909 3811 capite
938 3732 1142 3793 undecimo
1166 3725 1280 3805 11581,
1303 3729 1344 3793 31
1375 3733 1526 3794 Guilelmi
1555 3733 1723 3795 lectionem
1750 3762 1770 3815 η
1800 3731 1937 3820 λατομία
1963 3744 2050 3799 reete

305 3858 475 3939 probarunt
497 3851 713 3916 Victorius
743 3859 775 3911 ct
802 3848 1061 3912 casaubonus.
1105 3851 1176 3912 Etsi
1202 3853 1285 3914 enim
1319 3871 1388 3913 cum
1415 3852 1660 3914 Schneidero
1688 3874 1794 3916 verum
1817 3874 1887 3917 ease
1910 3855 2050 3918 concedo

305 3977 337 4037 id
366 3972 448 4053 quod
475 3971 597 4031 monuit
625 3967 884 4048 Ooanngius,
914 3966 1072 4053 λατομίαν
1103 3971 1221 4032 reatina
1251 3970 1378 4030 nomine
1405 3970 1648 4054 μεταλλευτικῆς
1675 3973 1915 4053 comprehendi,
1944 3979 2050 4037 tamen

304 4096 330 4154 si
356 4092 488 4173 legimus
513 4085 532 4168 ἦ
558 4082 697 4172 λατομία
723 4111 756 4150 τε
779 4082 835 4152 καὶ
857 4085 949 4152 πᾶσα
974 4085 1216 4171 μεταλλευτική,
1245 4088 1321 4149 satia
1341 4095 1429 4168 patet
1450 4091 1630 4168 angustiore
1652 4110 1747 4152 sensu
1768 4092 1828 4153 hoc
1848 4093 1918 4152 ioco
1938 4098 2050 4174 μεταλ·

305 4206 449 4289 horrebo
478 4227 548 4270 esee
578 4212 773 4287 usurpatam,
803 4225 894 4285 quem
921 4227 938 4266 s
962 4205 1081 4268 (iresca
1112 4206 1219 4287 lingua
1246 4226 1373 4287 prorsus
1399 4207 1568 4270 abhorrere
1596 4209 1645 4269 vix
1679 4211 1839 4289 quisquam
1868 4212 2050 4286 contendet,

308 4396 707 4415 W

473 4529 518 4596 111)
540 4529 583 4578 Ida
604 4529 729 4579 coenatio
754 4529 903 4594 pertitulato
927 4531 1111 4582 consecutivam
1136 4519 1186 4583 οίν
1208 4523 1411 4582 commutandam
1441 4549 1495 4585 ossa
1523 4550 1578 4585 cnm
1606 4533 1703 4587 musali
1727 4534 1789 4606 γοῦν
1812 4553 1833 4588 c.
1851 4542 1874 4586 8.
1897 4531 1995 4600 littei,
2018 4543 2050 4588 20

305 4625 398 4674 dodum
418 4618 480 4669 sidit
498 4614 714 4678 Gouringios,
731 4615 776 4665 sed
794 4629 851 4666 eom
870 4631 921 4666 non
939 4618 1088 4668 audiverunt
1104 4615 1261 4668 recentiores
1473 4627 1474 4630 ’

474 4700 520 4769 1³)
537 4698 664 4750 Kritischc
682 4699 734 4748 und
753 4701 910 4765 exegetimha
928 4700 1120 4768 Bemerknngeu
1135 4703 1198 4754 dbcr
1216 4701 1261 4751 das
1279 4711 1344 4752 ersts
1360 4703 1434 4755 Bnoh
1451 4709 1495 4758 dar
1512 4705 1608 4758 Politik
1625 4709 1669 4760 das
1682 4710 1838 4762 Adstotoios.
1863 4707 1954 4775 myos.
1976 4715 2051 4760 1818.

307 4813 333 4861 Ρ.
354 4799 385 4843 ¹³
406 4806 443 4856 ⁸q·
474 4873 518 4939 lt)
539 4869 731 4935 Bemerkuugsn
748 4871 812 4923 tiber
828 4874 909 4940 einiga
926 4873 1021 4927 Stellae
1039 4876 1083 4927 dar
1101 4876 1197 4928 Politik
1215 4881 1259 4932 das
1276 4880 1436 4933 Aristoteles.
1471 4880 1568 4932 VImar.
1591 4885 1666 4934 teet.
1702 4898 1727 4948 p.
1747 4885 1774 4932 1.
1808 4898 1833 4933 n.
1852 4887 1877 4932 t.

472 4957 864 5026 mhmbpmm

476 5043 521 5110 16)
539 5043 579 5095 (ii.
598 5058 662 5109 qaas
683 5045 713 5093 do
731 5044 771 5094 his
789 5043 871 5094 verbu
889 5045 994 5096 disserui
1012 5048 1039 5097 In
1053 5047 1125 5100 Iabn.
1145 5064 1204 5102 ann.
1221 5053 1321 5104 XCIII.
1360 5058 1435 5105 1111.
1470 5070 1494 5120 p.
1513 5059 1560 5106 8111
1581 5070 1617 5120 sq.
1652 5069 1678 5103 n.
1699 5059 1721 5104 1.
