4684 5830
1003 375 1258 452 ..13-

250 585 450 665 expositionis
472 589 655 673 interrumpi
676 589 956 674 latemr„219‹3wv
982 589 1015 657 ὁὶ
1038 589 1212 676 διοριστέον
1235 590 1265 656 rr'
1284 589 1319 657 τὸ
1340 592 1530 678 βασιλευτὸν
1558 593 1614 660 καὶ
1636 595 1666 660 rr'
1685 624 1719 662 ro
1741 593 2013 680 ἀριστοκρατικὸν

250 702 306 770 καὶ
328 704 358 770 τί
377 705 411 772 τὸ
434 708 593 776 πολιτικόν
615 739 646 776 κ.
668 739 693 776 ι.
715 721 755 794 λ,
775 729 803 774 r.
827 710 940 786 6-15,
961 727 980 774 a
1000 728 1145 794 germana
1165 710 1346 774 Aristotelis
1368 711 1509 776 docbina
1529 713 1668 777 aberrare
1688 731 1875 777 censeamus.
1919 713 2013 776 Prae-

249 825 333 888 terea
353 829 457 890 autem
478 827 516 892 ab
542 828 601 904 eis,
629 829 681 910 qui
702 829 904 894 nibilominus
929 830 1081 913 originem
1109 827 1272 894 eorundem
1294 830 1515 895 Aristoteleam
1538 831 1697 896 defendere
1719 833 1857 915 cupiant,
1885 829 2023 896 demon-⁴·

249 947 341 1010 strari
366 946 445 1010 mibi
473 947 585 1022 velim,
614 949 682 1030 quis
709 943 781 1012 usus
803 950 923 1014 intuta
944 949 1208 1031 argumentatione
1230 950 1272 1013 sit
1303 951 1395 1014 buius
1417 949 1626 1034 digressionis,
1671 952 1770 1033 Aegre
1793 952 1887 1014 etiam
1909 950 2011 1032 magis

248 1083 344 1148 augeo
367 1067 504 1131 locorum
518 1067 772 1150 interpolatorum
786 1087 956 1146 numemm,
979 1070 1094 1133 etenim
1111 1071 1227 1133 terrent
1247 1088 1297 1132 me
1312 1069 1521 1134 Krchniorum
1535 1071 1843 1154 Polenaaricrumque
1858 1070 2010 1152 exempla:

249 1188 510 1252 verumenimvero
534 1189 617 1251 recte
636 1191 793 1270 praeterea
814 1188 1061 1273 Krobuius²³)
1084 1188 1189 1252 tirtiles
1205 1189 1302 1269 plane
1326 1190 1515 1272 tautologiae
1537 1207 1603 1253 esse
1625 1189 1680 1254 iras
1695 1191 1800 1274 populi
1822 1190 1860 1252 ud
1882 1206 2011 1271 regnum

248 1309 280 1370 et
300 1307 339 1371 ad
361 1308 585 1372 aristocratiam
608 1307 754 1372 destinati
776 1307 979 1375 definitiones
992 1311 1111 1384 monet,
1140 1309 1246 1392 utpote
1274 1308 1384 1390 quibus
1408 1327 1513 1372 reuera
1537 1308 1644 1373 eadem
1665 1327 1713 1373 res
1734 1327 1787 1393 per
1808 1309 1935 1373 medem
1958 1308 2010 1371 de-

247 1427 379 1490 claretur
400 1429 645 1510 destinatamque
666 1427 704 1492 ad
725 1445 853 1510 reguum
872 1428 921 1491 vel
942 1427 980 1491 ad
1002 1427 1227 1492 aristocratiam
1241 1428 1475 1492 multitudinem
1490 1428 1587 1493 talem
1609 1447 1676 1492 esse
1690 1429 1912 1511 pronuntietur,
1935 1446 2011 1510 qua-

248 1548 288 1610 lis
307 1547 345 1612 ud
367 1547 560 1612 tolerandum
582 1565 710 1629 regnum
731 1547 781 1611 rel
801 1546 839 1610 ad
860 1546 1085 1610 aristocratiam
1106 1545 1315 1629 perferendam
1329 1548 1434 1631 aptam
1450 1545 1560 1610 babeat
1574 1551 1727 1611 naturam.
1770 1546 1877 1628 Neque
1900 1546 2009 1610 multi-

247 1665 364 1730 tudinis
394 1666 623 1731 aristocratitae
655 1665 808 1737 definitiO,
844 1664 1110 1750 ἀριστοκρατικὸν
1143 1664 1176 1734 di
1210 1667 1330 1748 πλῆθος
1362 1656 1379 1731 3
1406 1667 1526 1752 πέφυκε
1547 1667 1653 1750 φέρειν
1683 1665 1816 1754 {utqiruq
1844 1659 2008 1751 ἄρχεσθαι

247 1785 444 1869 δυνάιιενον]
474 1785 530 1866 τὴν
555 1786 617 1851 τῶν
640 1787 815 1870 ἕλευξιέριαν
839 1784 946 1868 ἀρχὴν
972 1783 1033 1850 ὑπὸ
1056 1786 1118 1850 ruia
1141 1786 1210 1852 κατ’
1234 1784 1348 1871 ἀρετὴν
1370 1786 1572 1873 ἡγεμονικῶν
1596 1784 1671 1870 πρὸς
1700 1785 1862 1866 πολιτικὴν
1892 1785 2010 1870 ἀρχήν,

248 1907 449 1970 consentanea
469 1908 517 1968 est
537 1904 692 1970 doctrinae
706 1905 897 1981 Aristotelis,
918 1905 1028 1988 quippe
1052 1905 1218 1970 secundum
1240 1923 1332 1988 quam
1354 1905 1385 1968 in
1408 1922 1479 1968 vera
1495 1904 1552 1967 illa
1568 1904 1761 1968 aristocratia
1777 1904 1859 1968 ciues
1881 1903 2010 1967 alternis

246 2024 349 2106 potius
371 2025 523 2106 imperent
539 2029 632 2106 atque
652 2024 824 2088 oboediant.
869 2023 1062 2106 Quamquam
1088 2023 1299 2089 multitudinis
1320 2024 1358 2088 ad
1378 2024 1522 2108 politiam
1541 2024 1664 2107 proprio
1692 2024 1814 2088 nomine
1837 2026 1883 2088 sic
1903 2024 2009 2106 appel·

246 2144 369 2208 landam
392 2145 481 2227 aptae
502 2143 748 2226 descriptionem,
769 2141 930 2211 πολιιικὸιι
952 2143 984 2211 δὲ
1007 2146 1137 2228 stirace,
1160 2146 1193 2209 ἐν
1215 2135 1240 2227 ᾧ
1263 2144 1383 2226 πέφυκε
1407 2142 1472 2230 [καὶ
1496 2136 1544 2227 ἓν]
1567 2141 1758 2230 ἐγγίνεσθαι
1775 2145 1895 2221 πλῆθος
1917 2135 2011 2226 (daec

247 2264 285 2328 ci.
301 2263 560 2351 Hayduckius)
576 2266 756 2347 πολεμικόν,
779 2264 961 2348 δυνάμενον
982 2256 1096 2349 ἄρχειν
1118 2261 1173 2330 καὶ
1197 2257 1362 2348 ἄρχεσθαι
1387 2261 1471 2329 κατὰ
1494 2262 1595 2348 νόμον
1615 2263 1670 2328 τὸν
1692 2263 1759 2328 κατ’
1785 2259 1881 2347 ‹igitur›
1904 2266 2009 2330 trare-1

244 2413 348 2470 porea
372 2391 435 2460 rot,—
457 2383 599 2467 ιόπόροα·
622 2382 678 2458 ede
700 2383 822 2468 ἀρχάς,
852 2383 967 2446 sitam
996 2401 1136 2466 perverse
1158 2382 1354 2466 interpretari
1383 2381 1509 2458 vellem,
1538 2399 1630 2462 quam
1651 2381 1747 2444 etiam
1768 2382 2010 2464 Bernayslus

245 2504 463 2586 interpretatus
486 2505 542 2578 est,
565 2503 616 2579 „in
639 2501 769 2566 welcber
791 2501 855 2564 sich
879 2502 927 2564 ein
952 2501 1095 2565 Wecbsel
1118 2502 1170 2566 des
1186 2502 1352 2566 (lebietens
1375 2501 1436 2564 und
1452 2500 1648 2566 Geburchens
1678 2501 1899 2565 durebiuehrcn
1914 2501 2011 2567 laesst

245 2623 322 2701 „auf
339 2622 444 2688 Grund
464 2623 548 2686 eines
572 2622 732 2697 Gesetzes,
764 2621 894 2684 welches
922 2619 1000 2682 nach
1021 2619 1184 2702 Massgsbe
1215 2619 1267 2683 der
1289 2619 1504 2702 Wuerdiglreit
1536 2618 1585 2683 die
1610 2620 1737 2684 temter
1764 2621 1854 2684 uuter
1879 2621 1928 2684 die
1951 2622 2011 2685 Βο-

245 2742 423 2819 „mittelten
445 2741 627 2816 vertheilt“,
660 2741 708 2804 vel
737 2741 845 2802 barum
876 2739 1090 2804 definitionum
1120 2741 1237 2804 auctori
1264 2740 1344 2804 baud
1371 2740 1537 2804 admodum
1563 2740 1722 2822 ingenioso
1748 2739 1894 2804 iniurium
1912 2741 2011 2806 lacere

244 2862 324 2926 mibi
343 2862 471 2936 viderer,
494 2879 565 2925 cum
584 2860 658 2924 talis
678 2859 864 2942 reipublicae
885 2859 1146 2924 administrandae
1167 2861 1247 2925 ratic
1270 2861 1395 2926 uirtutis
1415 2861 1519 2942 potius
1544 2877 1615 2923 cum
1641 2858 1810 2940 eligarcbia
1825 2861 2008 2937 coniunctio,

244 2981 298 3046 sed
318 2981 402 3045 nullo
424 2980 516 3045 medo
538 2981 619 3044 inter
640 2980 772 3044 divitum
794 2979 960 3061 imperium
977 2981 1007 3044 et
1027 2998 1194 3064 pauperum
1216 2999 1312 3064 genus
1333 2981 1415 3044 esset
1434 2979 1582 3054 medium,
1602 2978 1691 3060 quale
1704 2995 1810 3060 reapse
1831 2980 1878 3042 est
1900 2980 2011 3062 politia

243 3101 357 3165 artiore
379 3118 470 3164 sensu
491 3100 529 3163 ab
544 3100 713 3164 Aristotele
736 3101 793 3163 lroc
813 3100 936 3163 nomine
958 3099 1123 3182 appellata.
1167 3099 1266 3163 Immo
1288 3101 1371 3164 recte
1393 3098 1446 3162 diu
1467 3097 1534 3162 Ad.
1558 3097 1736 3161 Stabrius
1756 3097 1898 3182 εὐπόροις
1921 3091 2010 3171 <arai

243 3220 405 3304 ἀπόροις)
433 3239 461 3283 v.
486 3219 533 3287 15.
555 3219 701 3294 coniecit,
724 3238 783 3301 quo
804 3221 924 3302 recepto
946 3221 1037 3284 rerba
1061 3218 1213 3283 reddenda
1239 3219 1311 3282 sunt
1337 3219 1397 3282 ita:
1430 3218 1526 3293 „nach
1547 3217 1710 3299 Massgabe
1737 3216 1821 3280 eines
1852 3217 2009 3296 Geretzes,

243 3339 395 3416 „welches
414 3339 474 3403 mit
493 3339 692 3420 Abwaegung
711 3339 794 3403 ihrer·
817 3339 1025 3422 berecbtigtcn
1040 3339 1236 3426 Arrspruecbe
1255 3338 1313 3402 den
1333 3337 1466 3401 Reicben
1490 3337 1582 3413 <und
1599 3337 1746 3414 Armes>
1767 3337 1854 3400 ibren
1878 3337 2006 3401 Antheil

244 3479 302 3536 „arr
323 3459 376 3523 der
397 3457 571 3541 Regiorung
589 3457 650 3520 und
670 3459 728 3520 den
751 3457 1006 3542 obrigteitlicben
1028 3459 1177 3522 Aemtern
1203 3457 1359 3520 ruweiet“.
1405 3457 1463 3520 Sed
1494 3459 1566 3521 utut
1599 3458 1675 3520 baec
1695 3473 1728 3519 se
1751 3457 1878 3530 babent,
1909 3459 2010 3520 cetera

243 3578 400 3643 sufficiunt
413 3577 451 3641 ad
467 3576 616 3642 iudicium
639 3580 777 3642 nostrum
799 3577 835 3642 de
858 3581 924 3642 tcto
951 3579 1008 3642 boc
1029 3577 1240 3641 additamento
1263 3577 1547 3660 πρῶιου-ιὶρχόι,
1569 3595 1596 3640 v.
1620 3577 1734 3650 b-rs,
1757 3576 2007 3641 confirmandum.

242 3697 448 3780 interpolator
469 3696 566 3778 igitur
585 3697 802 3779 peripateticus
832 3716 902 3761 cunr
924 3699 1024 3762 uerbis
1046 3696 1111 3760 illis
1133 3694 1180 3764 lsi
1203 3697 1314 3778 ιιιιιόιι,
1344 3696 1381 3759 de
1403 3695 1512 3776 quibus
1536 3695 1678 3772 diximus,
1699 3714 1788 3779 supra
1811 3697 1941 3780 (12871),
1966 3699 2006 3759 36

244 3819 305 3902 sq.)
327 3815 450 3897 seriptis
473 3815 550 3879 falec
572 3833 696 3880 sensum
717 3817 807 3880 illum
829 3819 927 3900 „apud
951 3816 1099 3899 quosdam
1122 3816 1280 3880 homines*
1302 3815 1459 3890 tribueret,
1483 3815 1561 3878 banc
1583 3815 1683 3897 ipsam
1703 3815 1741 3880 ob
1757 3823 1881 3879 mursam
1902 3816 2007 3898 quales

244 3936 300 3998 isti
320 3935 459 3999 homines
481 3935 545 3999 sint
568 3935 760 4000 adiciendum
784 3938 839 3999 boc
861 3938 928 4001 loco
952 3956 1017 4001 esse
1041 3936 1183 4018 opinatus
1206 3937 1342 4018 satisque
1365 3935 1531 3999 infeliciter
1552 3934 1715 4010 damnum,
1738 3934 1818 4016 quod
1839 3937 2009 4018 repperisse

244 4055 305 4119 sibi
327 4053 495 4130 ridebatur,
517 4073 655 4136 reparare
677 4057 802 4120 conatus
825 4059 881 4120 est.
926 4055 1050 4120 Secluso
1075 4057 1141 4120 eius
1160 4055 1290 4120 artificio
1310 4057 1427 4139 optime
1449 4055 1529 4118 inter
1556 4071 1588 4117 se
1611 4054 1774 4118 cohaerent
1794 4055 2008 4136 praecedentia

245 4173 289 4249 τίς
309 4175 336 4242 δ’
357 4174 373 4240 ὁ
394 4174 516 4258 ερόπος,
538 4176 678 4241 λεκτέον·
701 4171 816 4262 εἴρηται
832 4179 870 4243 δέ
888 4207 950 4248 κιαι·
968 4171 1024 4256 ἤδη
1046 4173 1100 4241 καὶ
1124 4177 1282 4260 πρότερον,
1304 4195 1333 4239 V.
1349 4179 1368 4238 5
1384 4194 1439 4257 sq,
1459 4179 1492 4239 et
1504 4174 1663 4254 sequentia
1678 4169 1756 4239 ὅταν
1772 4165 1831 4239 ode
1848 4176 2008 4257 (=„Welln

243 4295 342 4378 also“)
364 4286 382 4376 ἢ
406 4294 501 4378 γένος
519 4287 593 4358 ὅλον
617 4287 633 4372 ἢ
656 4297 711 4361 κοιλ
736 4298 797 4360 ruffo
819 4291 927 4362 ἄλλων
950 4292 1007 4362 ἕνα
1031 4297 1099 4361 τινὰ
1125 4297 1235 4382 συμβῇ
1257 4295 1450 4378 διαφέροντα
1464 4296 1622 4382 γενὲσξθαι
1639 4293 1708 4360 κατ’
1725 4291 1839 4378 ἀρετὴν
1854 4295 2007 4360 εοσοῦεον

243 4409 316 4480 ὥστ’
341 4413 503 4497 ὑπερέχειν
525 4413 581 4494 τὴν
607 4415 730 4482 ἐκείνου
756 4417 808 4486 afa·
830 4418 891 4482 νιῗιν
914 4408 1022 4482 ἄλλων
1045 4415 1190 4488 πάντων,
1213 4413 1279 4480 adra
1300 4415 1427 4482 dianeos
1449 4414 1481 4480 τὸ
1507 4415 1603 4501 γένος
1623 4407 1702 4478 εἶναι
1724 4414 1815 4478 τοῦτο
1836 4413 2008 4498 βασιλικὸν

244 4531 299 4600 καὶ
320 4533 432 4616 κόριον
453 4530 580 4596 elenen
602 4532 657 4598 καὶ
682 4537 818 4619 βασιλέα
848 4535 902 4602 τὸν
924 4530 982 4600 ἵνα
1006 4535 1133 4618 τοῦτον,
1163 4553 1191 4596 r.
1217 4535 1254 4596 15
1278 4551 1343 4615 sqq.
1388 4533 1446 4598 Sed
1469 4535 1496 4596 si
1517 4537 1602 4599 recte
1623 4533 1698 4596 baec
1718 4533 1823 4597 omnia
1842 4534 2006 4616 disputari.

242 4653 376 4735 pessime
395 4652 649 4735 BernaysiuS,
671 4653 757 4717 cuius
780 4673 856 4738 epus
879 4672 935 4735 ego
958 4672 1086 4735 quoque,
1111 4657 1146 4719 ut
1167 4671 1221 4736 par
1244 4654 1300 4728 est,
1322 4653 1502 4737 plerumque
1525 4655 1660 4717 maxime
1681 4652 1787 4726 laudo,
1809 4671 1914 4716 uemnr
1937 4671 2006 4724 non,

241 4906 419 4960 ditamentum
438 4923 491 4962 non
509 4907 622 4977 quadrat
642 4909 668 4962 irr
688 4909 963 4978 optimamcivitatem
977 4909 1176 4970 Aristoteleam,
1194 4911 1224 4961 ut
1245 4924 1311 4975 quae
1325 4924 1429 4976 semper
1446 4906 1521 4962 πόλις
1535 4911 1643 4962 tanturn
1661 4908 1705 4963 sit.
1744 4907 1795 4961 Sed
1808 4908 1862 4961 sire
1876 4908 2003 4978 βασιλεία

241 4996 381 5050 scribimus
394 4996 449 5049 sive
465 4997 657 5064 παμβασιλεία,
677 4995 821 5050 difficultas
840 5001 930 5050 manet
950 4996 1058 5058 eadem,
1084 5011 1116 5049 ae
1135 4993 1246 5047 fortasse
1264 4997 1379 5062 augetur
1396 4995 1483 5064 priore
1501 4994 1643 5062 scriptura.
1680 4993 1780 5046 Vereor
1797 4995 1883 5062 igitur
1900 5014 1932 5050 ue
1951 4997 2001 5050 huc

242 5101 345 5153 queque
363 5083 574 5136 additamentum
593 5081 625 5135 ab
644 5081 729 5135 aliena
749 5099 829 5136 manu
847 5083 996 5152 profectum
1018 5083 1062 5136 sit.
1101 5082 1130 5136 Si
1148 5099 1188 5134 res
1207 5082 1246 5134 ita
1262 5085 1319 5144 est,
1348 5098 1440 5136 ansam
1458 5080 1587 5135 dedemnt
1606 5079 1808 5148 interpolationi
1829 5081 1908 5136 verba
1928 5099 2005 5152 prae-

241 5169 362 5228 cedentia
380 5165 446 5223 b'rcu
464 5161 481 5240 ᾖ
495 5167 604 5222 πάντων
621 5169 709 5236 aripret
728 5169 764 5222 εἷς
782 5165 819 5221 ιιλν
838 5165 927 5235 rb'orrep
945 5171 1088 5224 ’ἕκαστον
1107 5172 1206 5224 ἔθνος
1223 5178 1268 5222 καὶ
1281 5169 1357 5224 πόλις
1376 5168 1474 5236 ἑκάστη
1495 5167 1546 5220 ταῖν
1564 5163 1666 5220 notumv-

407 5256 452 5322 23)
470 5257 523 5309 Zur
540 5257 629 5310 Kritilr
646 5255 855 5309 aristotelischer
873 5256 1017 5310 Schriften.
1036 5257 1058 5311 I.
1079 5255 1227 5310 Brandeub,
1247 5255 1482 5310 rruccctxxn.
1502 5273 1527 5324 p.
1547 5255 1588 5308 44.
1607 5268 1632 5305 n.
