4610 5840
965 391 1205 465 ..15..

87 611 90 618 ’
206 603 315 684 Neque
331 605 450 678 dubito,
470 621 541 665 cnm
557 600 671 678 126st
696 599 738 665 10
759 602 935 665 Guilelmus
951 603 1064 666 habeat
1078 605 1311 685 „mnnicipcs⁸‘,
1334 606 1408 685 quin
1424 601 1587 680 πολίτας
1607 625 1723 668 revera.
1737 609 1774 668 ab
1790 608 1960 670 Aristotele

206 723 366 802 scriptum,
389 718 570 806 φύλακας
593 740 631 783 aa
654 721 918 801 interpretatione
934 722 1098 800 marginali
1118 729 1219 784 onum
1240 724 1291 785 sit.
1336 724 1399 786 Sed
1415 725 1488 804 quid
1510 724 1550 786 do
1569 725 1672 787 serbis
1694 726 1787 806 paulo
1802 727 1959 807 prioribus

204 837 248 921 μή
264 835 398 926 μερίζων
418 834 504 906 αὐτὰ
524 834 582 906 καί
601 835 747 922 χωρίζων
768 839 800 916 (l
824 835 856 916 7)
878 842 1030 916 sentiam,
1056 842 1125 922 ipse
1147 843 1262 908 nescio.
1305 841 1383 904 Nam
1409 844 1539 906 minoris
1568 843 1694 925 quidem
1721 846 1870 906 momenti
1896 851 1955 922 est,

205 959 298 1036 quod,
321 964 424 1020 utrum
447 960 479 1019 in
500 959 659 1020 codicibus
679 976 802 1038 quoque
825 956 910 1017 ΡΜ·
928 954 1013 1024 αὐτοὶ
1036 980 1074 1021 an
1096 961 1129 1021 in
1151 961 1201 1022 isis
1219 956 1327 1024 αὐτῶν
1351 963 1508 1025 invenerit
1529 963 1725 1041 Hilarius,
1747 983 1765 1023 e
1787 964 1871 1024 notis
1891 964 1960 1025 eius

206 1096 267 1137 non
289 1080 365 1140 satis
379 1085 521 1159 apparet,
545 1078 600 1139 sed
624 1097 664 1140 ne
678 1079 746 1138 sine
766 1078 828 1138 ulla
845 1078 1041 1140 dubitetione
1056 1073 1211 1153 αὐτοὺς
1233 1080 1413 1156 eminemus,
1437 1081 1517 1159 qnod
1530 1081 1670 1143 coniecit
1682 1081 1959 1160 Boeckernsw)

207 1202 406 1276 praestatque
433 1198 518 1259 hand
544 1198 637 1259 dubie
665 1197 877 1258 emendationi
904 1192 1029 1276 αὐτὴν
1058 1198 1089 1257 lu
1114 1197 1262 1259 Guilelmi
1284 1200 1428 1261 versione
1448 1201 1548 1279 qualis
1565 1201 1683 1280 legitur
1703 1200 1785 1281 apud
1808 1199 1959 1262 Thomam

206 1314 391 1394 Aquinatem
415 1315 504 1375 obvia
525 1311 689 1398 („ipsam
711 1317 902 1395 partiens“),
923 1316 1057 1396 impedit
1076 1324 1247 1378 monstrum
1269 1318 1350 1379 illud
1372 1319 1536 1392 ventinula,
1558 1319 1641 1397 qnod
1663 1319 1696 1378 in
1718 1318 1859 1380 editione
1878 1318 1959 1380 Gui-

207 1434 292 1496 ielmi
314 1453 332 1494 a
352 1453 387 1494 se
410 1433 524 1495 coliata
551 1433 672 1496 invenit
693 1434 983 1496 Schneiderns:
1010 1435 1178 1517 „partiens
1205 1441 1280 1497 tem
1288 1444 1418 1516 pora“.
1461 1437 1555 1506 Aliud
1578 1437 1652 1516 quid
1678 1437 1776 1517 igitur
1797 1437 1854 1499 suis
1873 1427 1959 1502 αὐτοὶ

209 1553 307 1613 latere
335 1551 536 1614 menifestum
562 1551 704 1628 videtur,
734 1553 790 1614 scd
820 1553 893 1634 quid
916 1555 986 1633 ipss
1016 1553 1131 1633 legerit
1150 1555 1250 1614 bonnis
1270 1555 1456 1631 monachus,
1482 1575 1523 1616 nc
1547 1555 1701 1636 Oedipum
1729 1555 1852 1635 quidem
1880 1562 1958 1637 puto

207 1677 424 1732 uascutnrom
449 1689 535 1745 esse,
567 1670 628 1732 nisi
650 1670 785 1734 foetosae
815 1672 882 1752 ipss
910 1673 978 1733 elus
1004 1672 1096 1732 verbs
1123 1679 1268 1754 corrupta
1289 1683 1364 1735 aunt
1395 1680 1428 1735 et
1449 1674 1574 1735 codices
1595 1675 1662 1736 eius
1688 1673 1958 1754 interpretationis

208 1791 411 1871 manuscripti
443 1789 572 1850 meliora
610 1791 770 1868 praeirent.
816 1789 921 1852 Possis
954 1793 1038 1852 enim
1071 1791 1235 1866 hariolari,
1268 1811 1326 1871 pro
1354 1797 1540 1874 „tempora“
1571 1793 1610 1854 ab
1636 1811 1673 1853 eo
1704 1792 1856 1873 scriptum
1890 1812 1958 1854 esse

209 1909 372 1986 „eodem
395 1911 580 1988 temporc“,
613 1917 648 1968 nt
669 1927 725 1989 pro
744 1904 829 1973 αὐτὰ
852 1909 966 1990 legerit
987 1901 1059 1994 ε’ίμα
1083 1910 1133 1970 τεΙ
1161 1907 1196 1974 ἐν
1217 1908 1260 1992 τῷ
1278 1906 1375 1992 αὐτῷ.
1417 1909 1527 1990 Neque
1556 1911 1659 1971 minus
1688 1929 1741 1972 res
1760 1911 1883 1972 incerta
1909 1918 1959 1974 est

210 2028 249 2090 de
270 2028 374 2089 verbis
394 2019 469 2110 ὅπερ
492 2022 550 2091 καί
572 2023 633 2090 νῦν
653 2024 685 2089 οἱ
703 2023 949 2110 Λακεδαιμόνιοι
971 2031 1068 2092 ποιεῖν
1089 2024 1301 2110 ἐπιχειροῦσιν
1323 2025 1361 2112 (l.
1383 2024 1424 2088 10
1445 2024 1524 2110 sp),
1547 2028 1581 2089 iu
1602 2029 1714 2109 quibus
1733 2027 1795 2093 νῦν
1817 2028 1896 2090 maie
1918 2029 1959 2090 do

209 2155 350 2228 tompore
371 2146 572 2225 intellegunt,
595 2163 656 2224 qno
678 2146 794 2206 iactum
817 2152 876 2221 est,
899 2153 934 2206 ut
952 2145 1156 2208 Victorius
1179 2164 1291 2207 novum
1313 2163 1375 2207 non
1399 2153 1487 2208 vetus
1509 2147 1688 2210 institutum
1711 2146 1844 2208 civitatis
1858 2147 1953 2208 Loco·

208 2266 298 2327 nicae
319 2265 380 2326 lroc
397 2259 442 2350 μὴ
467 2266 622 2349 γεωργεῖν
642 2259 716 2338 τοὺς
731 2260 859 2339 πολίτας
874 2264 972 2326 luisse
989 2264 1189 2325 Aristotelem
1208 2263 1365 2326 slflrmsre
1384 2265 1539 2341 crederet,
1561 2267 1827 2330 Schneidorus
1848 2273 1960 2328 contra

209 2406 257 2459 oa,
281 2384 517 2465 Giplranium
545 2387 686 2458 secutus,
716 2383 853 2465 diceret,
881 2403 899 2444 a
925 2382 1113 2465 piriloaoplro
1140 2384 1233 2444 etism
1261 2383 1309 2444 aui
1336 2385 1487 2465 temporis
1515 2343 1769 2447 lacedaemoniis
1799 2385 1959 2447 retinendi

208 2505 295 2566 illius
317 2502 456 2565 instituti
472 2501 609 2562 studium
625 2501 731 2574 tribui,
754 2501 809 2561 sed
825 2501 961 2562 studium
982 2508 1102 2563 tantum
1124 2497 1376 2584 (ἐπιχειροῦσιν),
1397 2501 1457 2563 iam
1473 2501 1558 2564 euim
1574 2521 1628 2564 eos
1648 2503 1791 2584 coepisse
1812 2523 1830 2562 a
1852 2509 1959 2565 vetera

210 2642 298 2685 more
319 2623 514 2694 desciscere,
535 2620 590 2682 sed
613 2620 640 2680 sl
661 2619 722 2680 hoc
744 2619 930 2681 Aristoteles
951 2620 1112 2694 voluisset,
1134 2620 1303 2682 dicendum
1324 2620 1354 2683 ci
1373 2619 1437 2681 luit
1457 2638 1520 2682 non
1549 2614 1607 2684 καί
1629 2618 1690 2685 νῦν
1710 2640 1816 2682 verum
1838 2613 1880 2685 ἔτι
1901 2615 1959 2685 καί

209 2741 281 2808 νῦν.
323 2741 410 2819 Quae
430 2758 500 2800 cum
527 2739 571 2799 ita
592 2739 671 2810 slnt,
704 2739 762 2799 alia
789 2737 964 2818 explicandi
985 2737 1066 2798 ratio
1096 2737 1254 2817 probanda
1273 2757 1376 2817 neque
1400 2739 1493 2800 nimis
1516 2739 1610 2819 longe
1639 2756 1676 2799 ea
1696 2741 1873 2819 quaerenda
1898 2745 1958 2800 eat.

209 2860 279 2926 Νῦν
300 2859 385 2921 enim
405 2857 586 2937 saepissime
608 2856 641 2915 id
662 2854 819 2935 significat
840 2856 923 2934 quod
945 2874 1053 2916 revers
1075 2861 1175 2917 extat:
1204 2857 1311 2935 itaque
1333 2850 1391 2921 καί
1412 2855 1473 2921 νῦν
1501 2863 1550 2919 est
1570 2864 1712 2919 nostrum
1737 2857 1841 2934 „anch
1861 2857 1957 2918 wirl-

211 2979 298 3041 llolr“
319 2978 383 3039 sive
404 2975 503 3048 ,auch
525 2977 557 3036 in
580 2975 638 3036 der
662 2975 912 3076 erlsiicirleit.“
956 2973 1021 3035 Sed
1051 2975 1125 3054 quaid
1146 2975 1207 3036 sibl
1227 2975 1305 3036 velit
1327 2951 1406 3037 ilion
1426 2979 1526 3041 ποιεῖν
1552 2975 1784 3062 ἐπιχειροῦσιν,
1810 2996 1867 3058 pro
1896 2996 1957 3057 quo

211 3105 375 3180 exspectas
395 3096 557 3170 octodero,
580 3095 620 3157 de
640 3094 699 3155 lrac
719 3114 755 3156 re
776 3114 826 3156 me
849 3111 972 3174 quoque
993 3093 1026 3154 in
1046 3093 1117 3154 altis
1139 3094 1281 3157 tenebris
1302 3097 1418 3158 versari
1439 3096 1578 3176 ingenus
1593 3095 1706 3170 fateor,
1728 3102 1761 3159 et
1783 3114 1882 3177 paene
1900 3095 1958 3156 ad·

211 3221 309 3282 ducor
329 3217 368 3279 ad
389 3215 618 3294 suspicandum,
641 3213 718 3274 lraec
741 3232 864 3293 quoque
885 3216 1062 3276 verbanno
1085 3213 1155 3276 es'se
1177 3232 1262 3288 una,
1284 3213 1352 3276 sive
1373 3215 1550 3276 exciderint
1569 3213 1639 3278 iero
1661 3215 1739 3276 irasc
1760 3212 1887 3280 ποιοῦσι
1900 3211 1958 3280 καί

212 3328 302 3403 ἄλλοι
324 3330 404 3410 recle
426 3340 500 3396 anto
521 3335 619 3397 ποιεῖν
639 3333 705 3394 slve
725 3332 812 3393 allud
833 3332 980 3394 mendum
1000 3333 1086 3397 insit

376 3453 424 3516 Ab
445 3453 495 3514 lris
516 3451 690 3532 desperatis
712 3452 790 3512 locis
811 3451 949 3513 libenter
969 3451 1007 3512 ad
1029 3451 1125 3512 alium
1145 3469 1196 3512 me
1218 3456 1307 3512 verto
1335 3447 1450 3527 126st
1476 3447 1601 3513 17-19
1620 3446 1784 3516 ἀδύνατον
1798 3446 1833 3519 di
1852 3449 1957 3518 eddor-

211 3578 320 3662 μονεῖν
340 3565 417 3652 ὅλην
437 3566 481 3656 μὴ
502 3568 565 3635 τῶν
586 3565 738 3634 πλείστων
758 3555 778 3649 ἢ
798 3563 844 3652 μὴ
864 3566 993 3634 πάντων
1010 3565 1117 3654 μερὸν
1136 3556 1156 3649 ἢ
1175 3567 1268 3635 τινῶν
1289 3563 1431 3650 ἐχόντων
1452 3562 1508 3648 rip
1528 3564 1752 3654 εὐδαιμονίαν,
1777 3569 1829 3631 oui
1854 3589 1957 3632 vcrsm

212 3694 364 3758 modelam
385 3689 528 3752 invenire
546 3687 629 3749 hsud
651 3689 695 3749 ita
713 3686 846 3750 dilflcile
866 3687 944 3749 milri
963 3688 1096 3750 videtur.
1138 3687 1207 3748 Non
1230 3689 1314 3749 enim
1329 3682 1585 3769 lioJeaenl⁸¹),
1607 3687 1660 3766 qui
1680 3694 1769 3750 recto
1789 3688 1868 3750 vidit
1892 3689 1959 3751 sola

212 3812 365 3879 Victori
387 3806 608 3871 emendatione
628 3805 657 3870 εί
673 3800 717 3888 μὴ
741 3806 802 3868 ioci
822 3807 1037 3887 integritatem
1059 3806 1197 3867 nondum
1220 3804 1492 3878 rasomonorum,
1513 3804 1606 3867 nimia
1628 3805 1766 3868 violenta
1785 3807 1957 3870 mutatione

212 3926 404 4018 μὴπάντων
424 3915 443 4006 ἢ
463 3920 508 4012 μὴ
528 3922 590 3989 τῶν
599 3920 751 3990 πλείστων
770 3897 876 4010 μεροῖν
899 3915 932 4012 [ἢ
954 3917 1062 4012 τινοῖν]
1085 3943 1223 4008 egemus,
1246 3922 1302 3984 sed
1317 3921 1436 3984 sufficit
1456 3929 1586 4004 recepta
1599 3921 1756 3986 Victori
1779 3931 1957 3987 correctura

213 4050 316 4114 verbis
337 4045 364 4112 si
382 4043 428 4130 μῆ
447 4038 575 4108 πάντων
595 4049 667 4123 post
687 4040 781 4107 τινῶν
802 4042 909 4104 sedem
930 4042 1084 4104 nituere:
1106 4037 1177 4106 τινὰ
1197 4038 1275 4124 μέρη
1296 4047 1372 4103 sunt
1390 4041 1644 4122 pravissimae
1667 4049 1782 4123 partes.

380 4163 414 4226 ln
439 4163 541 4245 capite
563 4168 691 4236 serto,
713 4161 745 4221 ln
769 4179 829 4240 quo
853 4161 892 4222 sle
909 4160 1047 4222 Platonis
1071 4160 1175 4240 legum
1197 4159 1285 4221 libris
1306 4159 1382 4239 agit,
1403 4168 1531 4223 senatus
1551 4161 1691 4242 eligendi
1712 4161 1863 4223 rationem
1882 4160 1956 4224 Pia-

214 4289 283 4352 tonl
303 4285 463 4366 probatem
486 4281 535 4342 lrls
555 4281 658 4341 verbis
681 4280 831 4343 describit
851 4280 1037 4342 Aristoteles
1057 4277 1176 4358 12663,
1200 4274 1342 4341 14-182
1363 4275 1577 4365 ὀλιγαρχικὴν
1596 4283 1679 4347 ποιεῖ
1694 4275 1729 4345 di
1747 4273 1806 4344 mi
1826 4273 1882 4358 τὴν
1904 4278 1957 4360 τῆς

215 4403 332 4494 βουλῆς
351 4393 488 4486 αἵρεσιν·
507 4397 672 4492 αἱροῦνται
686 4393 746 4484 μὶν
766 4393 833 4486 γὰρ
853 4396 968 4472 πάντες
988 4395 1180 4484 ἐπιίναραες,
1203 4393 1271 4462 ἀλλ’
1290 4394 1329 4461 ἐκ
1349 4393 1406 4461 τοῦ
1425 4393 1549 4482 προίτου
1569 4393 1751 4481 τιμήματος,
1772 4387 1841 4463 εἶτα
1860 4395 1957 4464 πάλιν

215 4515 307 4597 ίοονς
326 4517 365 4586 ἔα
385 4513 443 4584 τοῦ
461 4512 622 4600 δευτέρον,
649 4507 699 4581 εἶτ’
726 4515 764 4582 das
788 4514 850 4581 τοῖν
871 4511 996 4600 τρίτων·
1024 4508 1105 4596 πλὴν
1127 4510 1167 4580 οὖ
1187 4512 1287 4579 πᾶσιν
1307 4511 1491 4601 ἐπάναγκες
1511 4503 1550 4594 ἦν
1577 4517 1640 4592 τοῖς
1660 4513 1699 4582 ἔα
1724 4513 1787 4583 τῶν
1806 4511 1917 4601 τρίτων
1936 4507 1956 4596 ἢ

214 4637 379 4724 τετάρτων,
400 4636 439 4702 ἐκ
457 4633 497 4702 ol
515 4633 572 4700 τοῦ
592 4631 739 4718 τετάρτω
758 4631 821 4699 τῶν
839 4631 993 4719 τετάρτων
1005 4631 1116 4718 μόνοις
1136 4630 1319 4718 ἐπάναγκες
1339 4635 1403 4710 τοῖς
1421 4629 1552 4718 αριίτοις
1571 4629 1629 4700 ml
1649 4639 1713 4712 τοῖς
1733 4633 1896 4720 δευτέροις,
1916 4637 1956 4700 dc

216 4760 327 4841 quibus
349 4755 551 4819 emendandis
573 4755 691 4836 optime
712 4773 815 4837 nuper
835 4755 965 4816 meritus
987 4760 1037 4815 est
1059 4748 1392 4835 uootsiingiosfl),
1413 4753 1536 4834 priores
1549 4773 1639 4830 anas,
1663 4773 1738 4836 qnaa
1752 4757 1785 4818 ln
1807 4757 1955 4819 editionis

215 4939 630 4960 0———ss-

381 5061 428 5127 80)
445 5059 477 5114 L.
494 5060 514 5111 1.
532 5076 557 5127 p.
577 5065 591 5112 ⁵
609 5075 634 5113 n.
653 5069 676 5114 a.

380 5145 427 5210 81)
445 5147 475 5198 Ιι.
487 5147 505 5198 l.
523 5162 548 5213 p.
566 5151 595 5198 tl
615 5161 652 5216 aq.

381 5232 427 5298 tt)
448 5233 649 5287 Commentariol.
668 5236 700 5288 da
717 5237 861 5289 Aristotelis
877 5237 1036 5304 politicorum
1053 5237 1110 5288 loco
1128 5235 1163 5298 11,
1182 5243 1205 5287 ³.
1224 5236 1281 5288 den.
1305 5242 1376 5289 itin.
1395 5239 1419 5288 t.
