4670 5824
1115 307 1344 388 ..8-

347 533 424 596 bueo
444 525 515 596 indc
535 525 575 594 ab
595 519 635 611 ip
659 523 694 596 11
719 527 762 613 (ι.
786 526 849 613 lo.)
869 543 966 610 usque
992 523 1031 590 ad
1054 527 1116 614 γῆς
1142 529 1184 612 (v.
1208 527 1272 613 14.)
1297 525 1452 612 leguntur,
1478 543 1539 592 non
1563 525 1636 592 sont
1661 525 1723 592 nisi
1743 526 1946 612 parenthesis,
1972 544 2032 614 qua
2052 526 2111 608 eis,

346 639 424 730 pune
440 648 532 712 antea
552 647 811 746 commemoratae
837 647 933 724 erant,
954 645 1076 730 legibus
1104 647 1242 729 antiquis
1268 646 1365 714 ctiam
1385 647 1466 716 eliac
1489 645 1654 712 nonnullae
1681 645 1763 712 alius
1783 647 1905 731 genens
1927 647 2110 714 adiciantur.

346 767 435 848 Quod
455 769 491 832 ιιι
511 767 626 832 molius
644 767 758 852 pateat,
777 767 859 830 sicut
879 767 962 832 recte
983 761 1105 836 iurabi
1126 764 1184 836 ml
1206 785 1235 832 ι.
1259 767 1308 832 12.
1330 767 1482 852 scriptum
1503 767 1561 844 est,
1588 766 1635 832 ita
1652 763 1710 834 και
1733 765 1830 832 etiam
1851 785 1880 834 v.
1905 767 1957 834 10.
1977 758 2111 852 postip

239 962 242 972 ,
345 884 379 956 ob
399 885 597 952 inserendum
615 905 682 952 esse
701 886 861 952 coniciam.
895 884 1061 952 Offendunt
1080 887 1239 970 praeterea
1259 887 1352 954 rerba
1371 889 1435 956 reio
1457 887 1568 974 νόμον
1588 883 1669 964 τινὲς
1688 887 1752 954 τοῖν
1769 886 1857 973 παρὰ
1878 892 1943 966 τοῖς
1962 892 2112 980 κολοιοῖς

345 1008 508 1095 κειμένων,
530 1008 564 1076 sd
590 1007 732 1092 ἀρχαῖον
755 1005 909 1094 χρήσιμοι
936 1005 1062 1090 πάντες,
1089 997 1109 1088 ἢ
1138 1035 1170 1072 κ.
1199 1032 1226 1073 r·
1254 1014 1285 1072 l.
1312 1005 1429 1090 duplici
1456 1006 1494 1072 de
1520 1021 1622 1072 (111111.
1664 1005 1807 1072 Primum
1835 1006 1921 1072 enim
1949 1023 2047 1090 nequo
2071 1004 2108 1074 ed

285 1161 291 1170 ·
344 1126 487 1214 ἀρχαῖον
508 1127 549 1205 ot,
572 1125 653 1209 qnod
674 1126 806 1192 offerunt
826 1143 898 1190 eum
918 1123 1075 1214 Guilelmo
1099 1122 1145 1188 M·
1174 1125 1206 1190 et
1227 1125 1276 1202 P¹,
1297 1124 1386 1212 παρὰ
1407 1132 1472 1204 τοῖς
1491 1132 1640 1204 κολοιοῖς
1658 1125 1746 1192 iuxta
1765 1125 1869 1210 posita
1886 1125 2015 1210 possunt
2034 1124 2109 1190 terri

344 1265 451 1330 neque,
473 1247 505 1312 id
526 1245 608 1330 quod
628 1249 712 1311 recto
732 1246 888 1330 perspexit
908 1243 1126 1327 Madvigius
1141 1246 1176 1329 ⁶),
1198 1243 1297 1310 altera
1316 1244 1421 1324 lectio,
1443 1262 1520 1328 quac
1542 1263 1559 1312 o
1580 1244 1767 1312 recensionis
1788 1244 1932 1328 vulgatae
1952 1243 2110 1310 codicibus

344 1367 376 1431 in
396 1383 503 1432 omnes
520 1366 671 1432 editiones
692 1365 827 1444 trmsiit,
846 1365 936 1450 παρὰ
953 1369 1017 1440 τοῖς
1037 1371 1164 1441 πολλοῖς
1184 1363 1329 1430 idoneum
1349 1363 1476 1448 praebet
1496 1383 1631 1444 sensum,
1654 1363 1800 1448 quoniam
1814 1381 2009 1447 quoscunque
2024 1363 2109 1447 leges

342 1481 416 1550 sunt
435 1503 496 1550 non
515 1485 596 1569 apud
616 1487 755 1570 vulgum,
784 1485 838 1550 sed
868 1483 948 1568 apud
973 1484 1117 1550 civitates
1145 1483 1269 1550 extant:
1297 1500 1389 1566 quare
1411 1483 1440 1550 si
1461 1484 1538 1550 bnec
1564 1485 1632 1552 sola
1652 1485 1746 1550 lectio
1774 1484 1863 1550 nobis
1883 1483 2000 1550 tradita
2017 1483 2110 1562 cenet,

343 1603 569 1688 Madvigius
582 1605 637 1668 aut
657 1604 715 1668 sub
735 1612 863 1682 πολλοῖς
882 1622 995 1670 nomen
1014 1605 1239 1688 populi'latere
1259 1603 1314 1668 aut
1334 1609 1399 1682 τοῖς
1415 1605 1487 1670 ante
1509 1605 1569 1670 hoc
1582 1603 1710 1670 verbum
1731 1603 1896 1672 delendum
1916 1621 1984 1670 csse
2005 1603 2110 1668 conic-

277 1779 281 1790 .
343 1729 431 1792 etune
459 1725 595 1810 prolecto
624 1743 675 1790 me
698 1742 760 1789 nou
779 1724 907 1790 haberet
927 1723 1145 1790 adversarium.
1188 1724 1278 1788 Nunc
1298 1740 1370 1790 vero
1393 1729 1521 1801 πολλοῖς
1539 1722 1643 1808 potius
1665 1741 1682 1787 e
1704 1731 1860 1802 κολοιοῖς,
1881 1724 1918 1790 ut
1938 1722 2109 1808 snupulns,
2195 1753 2197 1758 .
2319 1721 2320 1780 j

343 1849 381 1913 do
403 1865 462 1930 quo
483 1845 557 1923 diri,
578 1843 749 1921 tolleretur,
771 1843 853 1907 mele
874 1843 1045 1909 correctum
1067 1862 1135 1909 esse
1163 1843 1263 1908 multo
1288 1843 1489 1928 probabilius,
1516 1861 1555 1908 ne
1580 1841 1683 1908 dicem
1703 1843 1794 1928 plano
1816 1843 2009 1928 exploratum
2027 1842 2110 1908 mibi

342 1967 473 2034 ridetur.
520 1962 604 2029 Unde
625 1962 765 2044 seqnitur
787 1961 822 2030 rb
846 1963 988 2047 ἀρχαῖον
1010 1963 1065 2028 sut
1085 1963 1205 2028 aarum
1222 1962 1389 2028 lectionem
1411 1961 1584 2044 antiquitus
1605 1961 1701 2028 fuisso
1727 1963 1760 2030 in
1781 1963 1855 2030 aliie
1884 1962 2109 2047 exemplaribus

341 2105 396 2172 pro
415 2083 503 2170 παρὰ
524 2087 588 2160 τοῖς
607 2087 755 2156 παλαιοῖς
775 2081 923 2164 scriptam
943 2081 1006 2159 aut,
1028 2081 1061 2148 id
1086 2083 1167 2165 quod
1195 2083 1296 2166 magis
1316 2081 1424 2167 probo,
1454 2098 1515 2147 non
1539 2080 1603 2146 nisi
1629 2099 1647 2147 e
1673 2081 1884 2168 dittographia
1905 2085 2008 2150 orturn
2029 2100 2109 2160 esse,

342 2225 413 2273 eum
435 2225 464 2270 v.
486 2204 536 2266 10.
556 2219 617 2266 non
638 2200 730 2265 modo
753 2199 788 2266 rt
809 2229 849 2288 pe
870 2200 1013 2285 ἀρχαῖον
1034 2203 1107 2266 ants
1128 2203 1164 2268 ἑο
1178 2209 1310 2278 πολλοῖς
1323 2201 1438 2280 redcat,
1460 2198 1515 2266 sed
1535 2201 1632 2266 ctiam
1652 2231 1703 2290 pr,
1724 2203 1757 2268 in
1777 2221 1837 2287 quo
1856 2201 1962 2268 addito
1982 2201 2111 2266 unicum

342 2327 424 2394 inest
443 2325 553 2390 horum
574 2321 738 2386 verborum
759 2319 798 2384 eb
819 2318 885 2383 illis
905 2318 1080 2396 discrimen,
1103 2319 1180 2384 item
1201 2321 1345 2406 vulgatas
1365 2322 1489 2388 tuntum
1510 2321 1698 2388 recensionis
1718 2323 1877 2406 proprium
1897 2322 1955 2388 sit:
1978 2322 2059 2385 certe
2074 2320 2110 2384 in

341 2445 494 2512 11·οιΡ1
515 2441 671 2508 codicibus
692 2458 752 2504 non
773 2438 889 2522 legitur
908 2457 965 2506 nec
986 2440 1160 2505 Guilelmus
1181 2441 1368 2525 purtimlam
1387 2441 1491 2520 vertit,
1514 2458 1700 2524 quamquam
1723 2441 1796 2507 huic
1819 2442 1866 2508 rei
1893 2458 1955 2506 non
1975 2439 2110 2505 nimium

339 2563 537 2634 tribuendum
551 2561 609 2636 est,
623 2577 695 2624 cnm
707 2575 803 2642 poene
817 2575 940 2642 semper
953 2560 1013 2626 hoe
1026 2561 1125 2628 fucere
1140 2560 1346 2646 supersedent
1379 2559 1499 2626 Deinde
1513 2560 1629 2639 πάντες
1643 2559 1792 2630 vombulo
1809 2579 1865 2626 suo
1887 2561 1953 2626 inre
1975 2559 2110 2626 offensus

304 2715 308 2724 ·
341 2689 490 2754 Corace
512 2681 545 2746 io
567 2681 633 2745 eius
655 2679 759 2744 locum
780 2677 942 2744 lenissima
965 2681 1138 2747 mutatione
1159 2681 1263 2766 posuit
1278 2680 1416 2760 οοιυοως,
1434 2680 1652 2765 Scuppius,
1674 2679 1782 2762 utqui
1802 2681 1881 2746 hanc
1901 2679 2110 2746 coniecturam

340 2826 401 2873 non
422 2803 561 2870 sufficere
578 2799 671 2884 probe
693 2799 891 2877 intellexerit,
913 2799 975 2864 sibi
995 2801 1170 2879 πάντως,
1192 2800 1261 2872 καὶ
1280 2819 1336 2886 pro
1357 2801 1484 2882 οάοοες,
1505 2793 1526 2882 ἢ
1547 2799 1672 2884 probari
1693 2799 1727 2866 in
1748 2799 1882 2884 epistula
1902 2797 1942 2864 ad
1961 2816 2013 2864 me
2035 2796 2110 2864 data

340 2924 474 3010 scripsit.
517 2919 608 2998 Mihi,
635 2919 672 2982 nt
700 2918 832 3002 ingenuo
856 2918 975 3001 loquar,
1001 2939 1039 2984 ne
1067 2922 1126 2986 boe
1153 2921 1279 3003 quidem
1306 2920 1469 2987 satisfacit
1512 2919 1618 2999 Mitto,
1644 2918 1727 3002 quod
1752 2918 1880 2998 οοιοτως
1905 2935 1964 2986 ιιι
1982 2933 2109 3002 prorsus

340 3043 493 3131 superflue
510 3041 559 3104 cst
579 3038 614 3102 in
634 3037 693 3102 hoe
714 3037 938 3104 sententiarum
959 3037 1083 3106 ordine:
1103 3057 1201 3121 neque
1223 3058 1294 3106 vcro
1316 3039 1353 3106 de
1374 3039 1496 3124 legibus
1518 3037 1551 3103 et
1570 3037 1643 3104 aliis
1663 3037 1764 3116 robus,
1791 3037 1846 3104 scd
1867 3036 1905 3104 de
1930 3037 2006 3104 solis
2026 3035 2108 3118 legi-

337 3169 396 3234 bus
416 3165 476 3228 hoc
497 3162 565 3226 loco
585 3173 759 3222 sermonem
781 3174 848 3223 esse
864 3175 954 3242 posse
976 3176 1085 3224 censeo
1106 3177 1204 3243 noque
1230 3157 1330 3237 video,
1355 3156 1507 3241 quomodo
1530 3157 1612 3240 quod
1630 3157 1765 3224 vetitum
1786 3159 1835 3222 est
1855 3155 2108 3245 (obpetierunt)

338 3285 424 3352 aliud
445 3282 519 3366 quid
541 3295 609 3346 esse
630 3277 723 3359 queat
743 3277 836 3360 atquc
857 3277 963 3362 legum
984 3281 1210 3363 argumentum.
1254 3277 1339 3359 Quos
1361 3277 1516 3344 sententia
1532 3277 1570 3343 ut
1590 3277 1783 3358 restituatur,
1803 3276 1919 3354 πάντες
1944 3294 1980 3340 cr
2001 3274 2106 3356 aliquo

338 3401 501 3488 participio
521 3395 705 3463 mutilatum
726 3413 793 3460 esse
813 3397 876 3464 iere
898 3401 1017 3466 corbum
1038 3399 1119 3464 mihi
1139 3398 1273 3466 videtur:
1295 3397 1359 3464 nisi
1376 3396 1476 3476 fultor,
1497 3395 1558 3461 tuit
1581 3396 1940 3476 <οοαβισ>τάνης

243 3599 250 3605 .
504 3517 603 3584 Paulo
623 3515 695 3600 post
713 3534 744 3582 r.
765 3517 817 3582 22.
838 3517 1003 3584 moetoris
1025 3517 1181 3584 codicibus
1202 3518 1405 3603 omnibusque
1425 3517 1461 3582 iu
1481 3513 1669 3582 editionibus
1690 3515 1731 3584 οοι
1753 3513 1831 3604 πρὸς
1853 3513 1912 3595 τὰς
1931 3511 2109 3600 compuncte

338 3643 466 3730 πράξεις
485 3629 572 3705 οὗτοι
591 3637 871 3724 γεγυμνασμένοι,
889 3637 944 3704 sed
965 3638 998 3702 in
1021 3636 1073 3702 Μ·
1090 3635 1131 3706 roi
1152 3637 1230 3724 πρὸς
1251 3635 1292 3707 rdr
1313 3633 1472 3725 πολεμικὰ
1491 3666 1524 3706 er·
1542 3662 1569 3704 r·
1587 3645 1616 3702 λ,
1636 3635 1781 3720 leguntur
1802 3636 1835 3702 11
1849 3633 2025 3701 Guilelmus
2044 3651 2109 3700 11011

337 3761 441 3828 solum
461 3755 590 3822 eandem
611 3755 797 3839 scripturam
816 3753 857 3824 rol
878 3755 1048 3842 πολεμικὰ,
1070 3775 1187 3836 rerum,
1208 3758 1245 3822 ut
1265 3755 1396 3836 videtur,
1418 3755 1514 3824 etiarn
1535 3753 1594 3833 τὰς
1614 3753 1691 3842 πρὸς
1711 3773 1766 3839 pro
1787 3755 1828 3824 sd
1850 3753 1928 3842 πρὸς
1948 3753 1982 3821 in
2002 3753 2107 3820 codiee

336 3899 392 3949 suo
414 3877 543 3946 invenit.
585 3875 650 3961 ligo
677 3874 811 3958 quidem,
840 3875 936 3941 donec
956 3875 1019 3941 alia
1046 3877 1186 3961 exempla
1211 3876 1386 3954 afferantur,
1413 3893 1504 3960 posse
1528 3892 1583 3960 pro
1612 3874 1843 3964 perpendemus
1857 3873 1935 3960 πρός
1960 3899 1988 3944 οι
2009 3873 2108 3940 etiarn

349 3996 584 4094 ,γυμνάζεσθαι
601 4024 629 4066 οι
651 3995 714 4060 dici
734 4011 825 4078 aegre
844 3994 1035 4060 crediderim.
1069 3994 1156 4060 Duae
1177 3994 1274 4080 igitur
1293 3997 1398 4082 potius
1418 3995 1500 4063 mihi
1520 3993 1598 4060 olim
1617 3991 1750 4058 traditos
1778 3991 1875 4058 fuisse
1896 3991 2038 4061 videntum
2060 3994 2109 4058 le-

349 4124 455 4188 biones
476 4118 555 4204 πρὸς
578 4115 619 4184 τὰ
641 4111 798 4202 πολεμικὰ
826 4115 858 4180 oi
885 4113 963 4202 πρὸς
985 4114 1042 4192 τὰς
1067 4113 1243 4199 πολεμικὰς
1268 4115 1408 4202 πράξεις,
1434 4112 1585 4197 equibus
1608 4129 1770 4198 perpurum
1789 4110 1824 4178 111
1849 4129 1943 4180 uuum
1964 4111 2106 4178 0011111118

344 4244 511 4328 postquam
538 4236 682 4302 effectum
705 4234 750 4300 sit
778 4233 859 4318 quod
885 4233 1018 4300 offerunt
1043 4233 1094 4299 M·
1119 4236 1151 4300 et
1177 4234 1362 4314 Guilelmus,
1391 4233 1449 4312 rote
1473 4234 1524 4302 vel
1548 4231 1588 4302 οὰ
1614 4231 1693 4321 ιρις
1715 4231 1755 4300 τὰ
1783 4233 1942 4320 πολεμικὰ
1967 4231 2106 4320 πράξεις,

344 4362 404 4426 hoc
432 4359 466 4424 in
490 4356 618 4440 vulgato
642 4354 819 4420 recensione
844 4371 905 4420 non
933 4371 1057 4438 prorsus
1082 4354 1159 4421 bene
1187 4356 1221 4422 in
1249 4354 1290 4424 ιὰ
1315 4353 1393 4442 πρὸς
1412 4351 1470 4431 τὰς
1496 4351 1670 4441 πολεμικὰς
1690 4351 1818 4438 πράξεις
1843 4354 2015 4418 consutum
2036 4369 2106 4420 cese

336 4477 498 4566 coniciam.

500 4595 538 4660 In
552 4595 597 4660 eis
608 4593 813 4674 democratiio,
827 4611 958 4678 quorum
971 4591 1054 4658 cives
1065 4609 1139 4676 agro
1155 4591 1281 4660 colendo
1297 4593 1416 4662 rictum
1425 4593 1582 4676 qmerant,
1596 4609 1665 4658 raro
1676 4591 1895 4670 comitia-fieri,
1906 4590 2104 4668 Aristotcles,

334 4719 416 4785 sicut
436 4717 502 4782 iam
522 4730 614 4797 supra
628 4713 771 4792 diximus,
793 4714 908 4791 monet,
932 4711 1170 4791 1318b,9-1o,
1191 4711 1246 4778 ubi
1260 4714 1365 4779 contro
1379 4729 1528 4797 magnum
1547 4729 1674 4778 numero
1695 4711 1738 4776 sit
1757 4711 1869 4794 vulgus
1887 4709 2048 4788 urbanum,
2070 4711 2105 4776 et

334 4835 514 4922 saepissime
537 4850 573 4896 cc
595 4833 702 4899 haberi
722 4835 755 4898 et
775 4833 814 4899 sb
835 4833 980 4918 agricolis
1001 4850 1111 4918 parrum
1132 4831 1328 4915 frequentari,
1351 4831 1461 4912 lalea,
1484 4832 1620 4896 24—32.
1653 4829 1714 4900 Ubi
1733 4833 1839 4898 tamen
1859 4827 1989 4914 praedia
2008 4826 2103 4911 louge

333 4957 398 5021 sint
420 4955 459 5020 ab
476 4953 551 5020 urbe
568 4953 697 5030 remote,
714 4969 860 5036 magnam
881 4951 997 5018 civium
1018 4951 1253 5018 multitudinem
1274 4951 1344 5036 cogi
1364 4952 1429 5018 nm
1446 4951 1594 5030 babitare,
1615 4949 1696 5016 unde
1710 4949 1787 5030 lieri,
1808 4951 1845 5016 ut
1859 4949 1956 5016 ctiam
1977 4949 2007 5014 si
2025 4947 2101 5014 urbs

500 5212 529 5276 o)
547 5209 654 5261 Adsere.
673 5210 728 5260 crit.
744 5209 766 5262 1.
786 5225 811 5274 p.
832 5214 890 5260 468.
