<?xml version="1.0" encoding="UTF-8"?>
<!DOCTYPE html PUBLIC "-//W3C//DTD XHTML 1.0 Transitional//EN"
    "http://www.w3.org/TR/xhtml1/DTD/xhtml1-transitional.dtd">
<html xmlns="http://www.w3.org/1999/xhtml" xml:lang="en" lang="en">
 <head>
  <title>
</title>
<meta http-equiv="Content-Type" content="text/html;charset=utf-8" />
  <meta name='ocr-system' content='tesseract 3.04.00' />
  <meta name='ocr-capabilities' content='ocr_page ocr_carea ocr_par ocr_line ocrx_word'/>
</head>
<body>
  <div class='ocr_page' id='page_1' title='image "./dearistotelispo01susegoog_0057.png"; bbox 0 0 4610 5840; ppageno 0'>
   <div class='ocr_carea' id='block_1_1' title="bbox 1091 399 1340 474">
    <p class='ocr_par' dir='ltr' id='par_1_1' title="bbox 1091 399 1340 474">
     <span class='ocr_line' id='line_1_1' title="bbox 1091 399 1340 474; baseline -0.024 -14"><span class='ocrx_word' id='word_1_1' title='bbox 1091 399 1340 474; x_wconf 70' lang='lat'>..18-</span> 
     </span>
    </p>
   </div>
   <div class='ocr_carea' id='block_1_2' title="bbox 332 608 2101 2972">
    <p class='ocr_par' dir='ltr' id='par_1_2' title="bbox 332 608 2101 2972">
     <span class='ocr_line' id='line_1_2' title="bbox 335 608 2101 698; baseline -0.002 -20"><span class='ocrx_word' id='word_1_2' title='bbox 335 632 396 678; x_wconf 89' lang='lat' dir='ltr'>non</span> <span class='ocrx_word' id='word_1_3' title='bbox 415 631 505 697; x_wconf 89' lang='lat' dir='ltr'>posse</span> <span class='ocrx_word' id='word_1_4' title='bbox 526 632 581 698; x_wconf 88' lang='lat' dir='ltr'>pro</span> <span class='ocrx_word' id='word_1_5' title='bbox 602 614 744 696; x_wconf 82' lang='lat' dir='ltr'><strong>genuinis</strong></span> <span class='ocrx_word' id='word_1_6' title='bbox 767 614 886 690; x_wconf 88' lang='lat' dir='ltr'>heberi,</span> <span class='ocrx_word' id='word_1_7' title='bbox 909 613 981 696; x_wconf 86' lang='lat' dir='ltr'>quis</span> <span class='ocrx_word' id='word_1_8' title='bbox 1004 613 1056 678; x_wconf 84' lang='lat' dir='ltr'>uix</span> <span class='ocrx_word' id='word_1_9' title='bbox 1077 615 1245 696; x_wconf 82' lang='lat' dir='ltr'>congmunt</span> <span class='ocrx_word' id='word_1_10' title='bbox 1266 629 1336 677; x_wconf 90' lang='lat' dir='ltr'>cum</span> <span class='ocrx_word' id='word_1_11' title='bbox 1357 612 1419 688; x_wconf 89' lang='lat' dir='ltr'>eis,</span> <span class='ocrx_word' id='word_1_12' title='bbox 1448 627 1525 694; x_wconf 85' lang='lat' dir='ltr'>quse</span> <span class='ocrx_word' id='word_1_13' title='bbox 1553 611 1587 675; x_wconf 92' lang='lat' dir='ltr'>in</span> <span class='ocrx_word' id='word_1_14' title='bbox 1609 608 1747 675; x_wconf 90' lang='lat' dir='ltr'>eiusdem</span> <span class='ocrx_word' id='word_1_15' title='bbox 1769 610 1880 694; x_wconf 73' lang='lat' dir='ltr'>sapitis</span> <span class='ocrx_word' id='word_1_16' title='bbox 1899 609 1959 674; x_wconf 85' lang='lat' dir='ltr'>dne</span> <span class='ocrx_word' id='word_1_17' title='bbox 1984 609 2064 674; x_wconf 85' lang='grc'><strong>1272</strong></span> <span class='ocrx_word' id='word_1_18' title='bbox 2071 609 2101 686; x_wconf 90' lang='lat' dir='ltr'>b,</span> 
     </span>
     <span class='ocr_line' id='line_1_3' title="bbox 336 717 2101 819; baseline 0.002 -24"><span class='ocrx_word' id='word_1_19' title='bbox 336 731 459 795; x_wconf 83' lang='grc'><strong>16-20</strong></span> <span class='ocrx_word' id='word_1_20' title='bbox 481 732 625 815; x_wconf 81' lang='lat' dir='ltr'>leguntur</span> <span class='ocrx_word' id='word_1_21' title='bbox 643 731 729 799; x_wconf 74' lang='grc' dir='ltr'>ἀλλὰ</span> <span class='ocrx_word' id='word_1_22' title='bbox 745 732 877 813; x_wconf 64' lang='grc' dir='ltr'><strong><em>σώζεται</em></strong></span> <span class='ocrx_word' id='word_1_23' title='bbox 900 730 954 801; x_wconf 80' lang='grc' dir='ltr'><strong><em>διὰ</em></strong></span> <span class='ocrx_word' id='word_1_24' title='bbox 977 731 1032 800; x_wconf 67' lang='grc' dir='ltr'><strong><em>τόν</em></strong></span> <span class='ocrx_word' id='word_1_25' title='bbox 1054 731 1150 800; x_wconf 70' lang='grc' dir='ltr'><strong><em>τόπον</em></strong></span> <span class='ocrx_word' id='word_1_26' title='bbox 1165 717 1206 780; x_wconf 51' lang='lat'>—2</span> <span class='ocrx_word' id='word_1_27' title='bbox 1221 725 1295 799; x_wconf 68' lang='grc' dir='ltr'><strong><em>οὕτε</em></strong></span> <span class='ocrx_word' id='word_1_28' title='bbox 1311 730 1379 819; x_wconf 71' lang='grc' dir='ltr'>γὰρ</span> <span class='ocrx_word' id='word_1_29' title='bbox 1403 730 1587 816; x_wconf 56' lang='lat' dir='ltr'>§deceptoriis</span> <span class='ocrx_word' id='word_1_30' title='bbox 1607 728 1713 816; x_wconf 76' lang='grc' dir='ltr'><strong><em>ἀρχῆς</em></strong></span> <span class='ocrx_word' id='word_1_31' title='bbox 1734 731 1949 798; x_wconf 75' lang='grc' dir='ltr'><strong><em>κοινωνοῦσιν</em></strong></span> <span class='ocrx_word' id='word_1_32' title='bbox 1970 732 2001 797; x_wconf 79' lang='grc' dir='ltr'><strong><em>οἱ</em></strong></span> <span class='ocrx_word' id='word_1_33' title='bbox 2021 732 2101 816; x_wconf 77' lang='grc' dir='ltr'><strong>11ρῆ·</strong></span> 
     </span>
     <span class='ocr_line' id='line_1_4' title="bbox 335 847 2100 937; baseline -0.003 -19"><span class='ocrx_word' id='word_1_34' title='bbox 335 879 393 937; x_wconf 63' lang='lat' dir='ltr'>req,</span> <span class='ocrx_word' id='word_1_35' title='bbox 415 852 589 916; x_wconf 87' lang='lat' dir='ltr'>rectissime</span> <span class='ocrx_word' id='word_1_36' title='bbox 611 852 708 916; x_wconf 91' lang='lat' dir='ltr'>sensit</span> <span class='ocrx_word' id='word_1_37' title='bbox 726 851 1005 916; x_wconf 87' lang='lat' dir='ltr'>Buechelerus.</span> <span class='ocrx_word' id='word_1_38' title='bbox 1050 848 1128 914; x_wconf 75' lang='lat' dir='ltr'>Crem</span> <span class='ocrx_word' id='word_1_39' title='bbox 1149 853 1254 914; x_wconf 87' lang='lat' dir='ltr'>autem</span> <span class='ocrx_word' id='word_1_40' title='bbox 1274 849 1324 914; x_wconf 84' lang='lat' dir='ltr'>uel</span> <span class='ocrx_word' id='word_1_41' title='bbox 1347 848 1550 932; x_wconf 86' lang='lat' dir='ltr'>inte1polstor</span> <span class='ocrx_word' id='word_1_42' title='bbox 1570 866 1632 912; x_wconf 90' lang='lat' dir='ltr'>non</span> <span class='ocrx_word' id='word_1_43' title='bbox 1653 849 1686 913; x_wconf 90' lang='lat' dir='ltr'>in</span> <span class='ocrx_word' id='word_1_44' title='bbox 1707 849 1810 927; x_wconf 89' lang='lat' dir='ltr'>toto,</span> <span class='ocrx_word' id='word_1_45' title='bbox 1840 847 1895 914; x_wconf 92' lang='lat' dir='ltr'>sed</span> <span class='ocrx_word' id='word_1_46' title='bbox 1920 849 1953 913; x_wconf 93' lang='lat' dir='ltr'>in</span> <span class='ocrx_word' id='word_1_47' title='bbox 1974 848 2100 914; x_wconf 91' lang='lat' dir='ltr'>medio</span> 
     </span>
     <span class='ocr_line' id='line_1_5' title="bbox 333 967 2100 1051; baseline -0.001 -17"><span class='ocrx_word' id='word_1_48' title='bbox 333 971 413 1034; x_wconf 89' lang='lat' dir='ltr'>mari</span> <span class='ocrx_word' id='word_1_49' title='bbox 432 969 518 1034; x_wconf 89' lang='lat' dir='ltr'>Ionio</span> <span class='ocrx_word' id='word_1_50' title='bbox 541 969 663 1034; x_wconf 80' lang='lat' dir='ltr'>Cretam</span> <span class='ocrx_word' id='word_1_51' title='bbox 688 969 822 1035; x_wconf 86' lang='lat' dir='ltr'>insulam</span> <span class='ocrx_word' id='word_1_52' title='bbox 844 987 911 1034; x_wconf 89' lang='lat' dir='ltr'>esse</span> <span class='ocrx_word' id='word_1_53' title='bbox 932 969 1027 1034; x_wconf 88' lang='lat' dir='ltr'>sitam</span> <span class='ocrx_word' id='word_1_54' title='bbox 1049 968 1240 1034; x_wconf 80' lang='lat' dir='ltr'>contendisse</span> <span class='ocrx_word' id='word_1_55' title='bbox 1262 967 1428 1046; x_wconf 76' lang='lat' dir='ltr'>credendus</span> <span class='ocrx_word' id='word_1_56' title='bbox 1450 967 1508 1044; x_wconf 91' lang='lat' dir='ltr'>sit,</span> <span class='ocrx_word' id='word_1_57' title='bbox 1537 967 1621 1032; x_wconf 89' lang='lat' dir='ltr'>idem</span> <span class='ocrx_word' id='word_1_58' title='bbox 1648 968 1766 1051; x_wconf 81' lang='lat' dir='ltr'>collega</span> <span class='ocrx_word' id='word_1_59' title='bbox 1793 968 2018 1046; x_wconf 87' lang='lat' dir='ltr'>amicissimus,</span> <span class='ocrx_word' id='word_1_60' title='bbox 2046 986 2100 1051; x_wconf 91' lang='lat' dir='ltr'>pro</span> 
     </span>
     <span class='ocr_line' id='line_1_6' title="bbox 333 1085 1990 1177; baseline -0.004 -22"><span class='ocrx_word' id='word_1_61' title='bbox 333 1089 421 1176; x_wconf 71' lang='grc' dir='ltr'>πάσῃ</span> <span class='ocrx_word' id='word_1_62' title='bbox 443 1088 510 1176; x_wconf 75' lang='grc' dir='ltr'>γὰρ</span> <span class='ocrx_word' id='word_1_63' title='bbox 532 1088 681 1157; x_wconf 74' lang='grc' dir='ltr'><strong><em>ἕνίκειιοι</em></strong></span> <span class='ocrx_word' id='word_1_64' title='bbox 704 1091 742 1176; x_wconf 78' lang='grc' dir='ltr'><strong><em>νῇ</em></strong></span> <span class='ocrx_word' id='word_1_65' title='bbox 762 1090 924 1177; x_wconf 57' lang='grc' dir='ltr'>θαλάσσῃ</span> <span class='ocrx_word' id='word_1_66' title='bbox 943 1088 1098 1175; x_wconf 76' lang='grc' dir='ltr'><strong>11μὲοῃ</strong></span> <span class='ocrx_word' id='word_1_67' title='bbox 1119 1118 1150 1156; x_wconf 84' lang='grc' dir='ltr'>κ.</span> <span class='ocrx_word' id='word_1_68' title='bbox 1173 1116 1198 1156; x_wconf 83' lang='grc' dir='ltr'><strong><em>ι.</em></strong></span> <span class='ocrx_word' id='word_1_69' title='bbox 1215 1097 1243 1154; x_wconf 66' lang='lat' dir='ltr'>t„</span> <span class='ocrx_word' id='word_1_70' title='bbox 1267 1087 1409 1164; x_wconf 89' lang='lat' dir='ltr'>scribom,</span> <span class='ocrx_word' id='word_1_71' title='bbox 1432 1085 1549 1169; x_wconf 89' lang='lat' dir='ltr'>optime</span> <span class='ocrx_word' id='word_1_72' title='bbox 1568 1086 1649 1151; x_wconf 92' lang='lat' dir='ltr'>mihi</span> <span class='ocrx_word' id='word_1_73' title='bbox 1670 1087 1832 1172; x_wconf 72' lang='lat' dir='ltr'>suasit00).</span> <span class='ocrx_word' id='word_1_74' title='bbox 1987 1162 1990 1170; x_wconf 69' lang='lat'>,</span> 
     </span>
     <span class='ocr_line' id='line_1_7' title="bbox 498 1205 2097 1293; baseline -0.001 -21"><span class='ocrx_word' id='word_1_75' title='bbox 498 1209 617 1274; x_wconf 82' lang='lat' dir='ltr'>Deinde</span> <span class='ocrx_word' id='word_1_76' title='bbox 644 1210 809 1293; x_wconf 86' lang='lat' dir='ltr'>postquem</span> <span class='ocrx_word' id='word_1_77' title='bbox 836 1208 976 1273; x_wconf 73' lang='lat' dir='ltr'>senuvia</span> <span class='ocrx_word' id='word_1_78' title='bbox 1005 1207 1117 1271; x_wconf 89' lang='lat' dir='ltr'>melius</span> <span class='ocrx_word' id='word_1_79' title='bbox 1145 1206 1225 1290; x_wconf 88' lang='lat' dir='ltr'>apud</span> <span class='ocrx_word' id='word_1_80' title='bbox 1256 1205 1415 1271; x_wconf 84' lang='lat' dir='ltr'>Cretenses</span> <span class='ocrx_word' id='word_1_81' title='bbox 1445 1223 1537 1288; x_wconf 86' lang='lat' dir='ltr'>quem</span> <span class='ocrx_word' id='word_1_82' title='bbox 1565 1205 1645 1288; x_wconf 86' lang='lat' dir='ltr'>apud</span> <span class='ocrx_word' id='word_1_83' title='bbox 1670 1205 1926 1272; x_wconf 81' lang='lat' dir='ltr'>Iacedaemonios</span> <span class='ocrx_word' id='word_1_84' title='bbox 1953 1206 2097 1270; x_wconf 85' lang='lat' dir='ltr'>institute</span> 
     </span>
     <span class='ocr_line' id='line_1_8' title="bbox 333 1323 2095 1414; baseline 0.002 -24"><span class='ocrx_word' id='word_1_85' title='bbox 333 1344 399 1390; x_wconf 89' lang='lat' dir='ltr'>esee</span> <span class='ocrx_word' id='word_1_86' title='bbox 419 1325 605 1392; x_wconf 83' lang='lat' dir='ltr'>Aristoteles</span> <span class='ocrx_word' id='word_1_87' title='bbox 623 1327 716 1404; x_wconf 74' lang='lat' dir='ltr'>dixit,</span> <span class='ocrx_word' id='word_1_88' title='bbox 744 1328 888 1392; x_wconf 84' lang='lat' dir='ltr'>secuntur</span> <span class='ocrx_word' id='word_1_89' title='bbox 913 1325 1006 1392; x_wconf 84' lang='lat' dir='ltr'>uerba</span> <span class='ocrx_word' id='word_1_90' title='bbox 1029 1323 1094 1392; x_wconf 76' lang='grc' dir='ltr'>α’νό</span> <span class='ocrx_word' id='word_1_91' title='bbox 1116 1325 1246 1393; x_wconf 72' lang='grc' dir='ltr'><strong><em>πάντων</em></strong></span> <span class='ocrx_word' id='word_1_92' title='bbox 1266 1323 1335 1413; x_wconf 73' lang='grc' dir='ltr'>γὰρ</span> <span class='ocrx_word' id='word_1_93' title='bbox 1355 1324 1536 1412; x_wconf 71' lang='grc' dir='ltr'><strong><em>γινομένων</em></strong></span> <span class='ocrx_word' id='word_1_94' title='bbox 1556 1325 1665 1409; x_wconf 84' lang='lat' dir='ltr'>(Guil,</span> <span class='ocrx_word' id='word_1_95' title='bbox 1687 1326 1724 1390; x_wconf 90' lang='lat' dir='ltr'>ut</span> <span class='ocrx_word' id='word_1_96' title='bbox 1744 1324 1878 1402; x_wconf 77' lang='lat' dir='ltr'>videtum,</span> <span class='ocrx_word' id='word_1_97' title='bbox 1900 1325 2095 1414; x_wconf 69' lang='grc' dir='ltr'><strong><em>γενομένων)</em></strong></span> 
     </span>
     <span class='ocr_line' id='line_1_9' title="bbox 333 1436 2094 1533; baseline -0.001 -21"><span class='ocrx_word' id='word_1_98' title='bbox 333 1447 465 1531; x_wconf 75' lang='grc' dir='ltr'><strong><em>καρπῶν</em></strong></span> <span class='ocrx_word' id='word_1_99' title='bbox 487 1475 518 1513; x_wconf 79' lang='grc' dir='ltr'><strong><em>ιε</em></strong></span> <span class='ocrx_word' id='word_1_100' title='bbox 539 1443 596 1514; x_wconf 72' lang='grc' dir='ltr'>καὶ</span> <span class='ocrx_word' id='word_1_101' title='bbox 615 1445 834 1533; x_wconf 78' lang='grc' dir='ltr'><strong><em>βοσκιμιόιων</em></strong></span> <span class='ocrx_word' id='word_1_102' title='bbox 855 1442 941 1530; x_wconf 72' lang='grc' dir='ltr'><strong><em>[καὶ]</em></strong></span> <span class='ocrx_word' id='word_1_103' title='bbox 963 1447 1000 1513; x_wconf 80' lang='grc' dir='ltr'>ἐκ</span> <span class='ocrx_word' id='word_1_104' title='bbox 1021 1447 1083 1512; x_wconf 71' lang='grc' dir='ltr'>τῶν</span> <span class='ocrx_word' id='word_1_105' title='bbox 1104 1443 1268 1531; x_wconf 78' lang='grc' dir='ltr'><strong><em>δημοσίων</em></strong></span> <span class='ocrx_word' id='word_1_106' title='bbox 1288 1441 1345 1512; x_wconf 72' lang='grc' dir='ltr'>καὶ</span> <span class='ocrx_word' id='word_1_107' title='bbox 1366 1444 1475 1529; x_wconf 86' lang='grc' dir='ltr'><strong><em>φόρων</em></strong></span> <span class='ocrx_word' id='word_1_108' title='bbox 1496 1436 1554 1521; x_wconf 78' lang='grc' dir='ltr'><strong><em>οὓς</em></strong></span> <span class='ocrx_word' id='word_1_109' title='bbox 1575 1443 1730 1532; x_wconf 72' lang='grc' dir='ltr'><strong><em>φέρουσιν</em></strong></span> <span class='ocrx_word' id='word_1_110' title='bbox 1751 1446 1782 1512; x_wconf 78' lang='grc' dir='ltr'><strong><em>οἱ</em></strong></span> <span class='ocrx_word' id='word_1_111' title='bbox 1799 1447 1948 1532; x_wconf 75' lang='grc' dir='ltr'><strong><em>περίοικοι</em></strong></span> <span class='ocrx_word' id='word_1_112' title='bbox 1969 1475 2000 1513; x_wconf 79' lang='grc' dir='ltr'>κ.</span> <span class='ocrx_word' id='word_1_113' title='bbox 2016 1474 2040 1514; x_wconf 80' lang='lat' dir='ltr'>r·</span> <span class='ocrx_word' id='word_1_114' title='bbox 2056 1453 2094 1510; x_wconf 71' lang='grc'>1-1</span> 
     </span>
     <span class='ocr_line' id='line_1_10' title="bbox 336 1562 2093 1647; baseline 0.001 -19"><span class='ocrx_word' id='word_1_115' title='bbox 336 1565 454 1644; x_wconf 86' lang='grc'><strong>12721,</strong></span> <span class='ocrx_word' id='word_1_116' title='bbox 487 1565 526 1628; x_wconf 86' lang='grc'>17</span> <span class='ocrx_word' id='word_1_117' title='bbox 547 1584 612 1647; x_wconf 87' lang='lat' dir='ltr'><strong>sqq.</strong></span> <span class='ocrx_word' id='word_1_118' title='bbox 656 1565 830 1647; x_wconf 84' lang='lat' dir='ltr'>inquibus</span> <span class='ocrx_word' id='word_1_119' title='bbox 857 1563 915 1633; x_wconf 75' lang='grc' dir='ltr'>καὶ</span> <span class='ocrx_word' id='word_1_120' title='bbox 943 1565 1014 1628; x_wconf 88' lang='lat' dir='ltr'>ante</span> <span class='ocrx_word' id='word_1_121' title='bbox 1040 1567 1077 1631; x_wconf 75' lang='grc' dir='ltr'><strong><em>ἐν</em></strong></span> <span class='ocrx_word' id='word_1_122' title='bbox 1106 1583 1176 1628; x_wconf 88' lang='lat' dir='ltr'>eum</span> <span class='ocrx_word' id='word_1_123' title='bbox 1203 1563 1286 1628; x_wconf 88' lang='lat' dir='ltr'>absit</span> <span class='ocrx_word' id='word_1_124' title='bbox 1312 1562 1503 1627; x_wconf 81' lang='lat' dir='ltr'>aGuilelmi</span> <span class='ocrx_word' id='word_1_125' title='bbox 1528 1565 1560 1628; x_wconf 91' lang='lat' dir='ltr'>et</span> <span class='ocrx_word' id='word_1_126' title='bbox 1577 1563 1702 1628; x_wconf 87' lang='lat' dir='ltr'>Aretini</span> <span class='ocrx_word' id='word_1_127' title='bbox 1725 1564 1931 1642; x_wconf 81' lang='lat' dir='ltr'>versionibus,</span> <span class='ocrx_word' id='word_1_128' title='bbox 1960 1565 2093 1631; x_wconf 89' lang='lat' dir='ltr'>editione</span> 
     </span>
     <span class='ocr_line' id='line_1_11' title="bbox 333 1681 2091 1765; baseline 0.003 -18"><span class='ocrx_word' id='word_1_129' title='bbox 333 1683 456 1762; x_wconf 83' lang='lat' dir='ltr'>Aldine,</span> <span class='ocrx_word' id='word_1_130' title='bbox 479 1683 634 1750; x_wconf 80' lang='lat' dir='ltr'>codicibus</span> <span class='ocrx_word' id='word_1_131' title='bbox 655 1685 820 1762; x_wconf 76' lang='lat' dir='ltr'><strong>P¹·²·³·⁴·‚</strong></span> <span class='ocrx_word' id='word_1_132' title='bbox 849 1683 931 1748; x_wconf 88' lang='lat' dir='ltr'>male</span> <span class='ocrx_word' id='word_1_133' title='bbox 959 1683 1113 1747; x_wconf 81' lang='lat' dir='ltr'>intumum</span> <span class='ocrx_word' id='word_1_134' title='bbox 1139 1682 1187 1748; x_wconf 87' lang='lat' dir='ltr'>est</span> <span class='ocrx_word' id='word_1_135' title='bbox 1213 1682 1418 1747; x_wconf 85' lang='lat' dir='ltr'>eBellero</span> <span class='ocrx_word' id='word_1_136' title='bbox 1445 1681 1576 1764; x_wconf 83' lang='lat' dir='ltr'>aliisque</span> <span class='ocrx_word' id='word_1_137' title='bbox 1604 1681 1787 1748; x_wconf 74' lang='lat' dir='ltr'>editoribus:</span> <span class='ocrx_word' id='word_1_138' title='bbox 1821 1702 1880 1765; x_wconf 92' lang='lat' dir='ltr'>quo</span> <span class='ocrx_word' id='word_1_139' title='bbox 1905 1685 2024 1751; x_wconf 86' lang='lat' dir='ltr'>remoto</span> <span class='ocrx_word' id='word_1_140' title='bbox 2052 1685 2091 1753; x_wconf 77' lang='grc' dir='ltr'><strong><em>ιὰ</em></strong></span> 
     </span>
     <span class='ocr_line' id='line_1_12' title="bbox 333 1800 2092 1889; baseline -0.001 -17"><span class='ocrx_word' id='word_1_141' title='bbox 333 1803 474 1889; x_wconf 65' lang='grc' dir='ltr'><strong><em>δημόσια</em></strong></span> <span class='ocrx_word' id='word_1_142' title='bbox 494 1802 576 1868; x_wconf 87' lang='lat' dir='ltr'>baud</span> <span class='ocrx_word' id='word_1_143' title='bbox 599 1803 689 1868; x_wconf 89' lang='lat' dir='ltr'>dubie</span> <span class='ocrx_word' id='word_1_144' title='bbox 711 1822 800 1888; x_wconf 85' lang='lat' dir='ltr'>egros</span> <span class='ocrx_word' id='word_1_145' title='bbox 821 1803 960 1887; x_wconf 91' lang='lat' dir='ltr'>publicos</span> <span class='ocrx_word' id='word_1_146' title='bbox 982 1802 1174 1886; x_wconf 81' lang='lat' dir='ltr'>significant,</span> <span class='ocrx_word' id='word_1_147' title='bbox 1202 1818 1278 1883; x_wconf 89' lang='lat' dir='ltr'>quos</span> <span class='ocrx_word' id='word_1_148' title='bbox 1303 1801 1444 1867; x_wconf 84' lang='lat' dir='ltr'>colebant</span> <span class='ocrx_word' id='word_1_149' title='bbox 1465 1800 1619 1879; x_wconf 87' lang='lat' dir='ltr'>Mnoitae,</span> <span class='ocrx_word' id='word_1_150' title='bbox 1647 1801 1753 1884; x_wconf 90' lang='lat' dir='ltr'>itaque</span> <span class='ocrx_word' id='word_1_151' title='bbox 1773 1801 1906 1887; x_wconf 88' lang='lat' dir='ltr'>periceci</span> <span class='ocrx_word' id='word_1_152' title='bbox 1927 1821 2018 1870; x_wconf 89' lang='lat' dir='ltr'>sensu</span> <span class='ocrx_word' id='word_1_153' title='bbox 2038 1824 2092 1870; x_wconf 89' lang='lat' dir='ltr'>an-</span> 
     </span>
     <span class='ocr_line' id='line_1_13' title="bbox 332 1920 2091 2006; baseline 0.003 -20"><span class='ocrx_word' id='word_1_154' title='bbox 332 1921 470 2004; x_wconf 86' lang='lat' dir='ltr'>gusticre</span> <span class='ocrx_word' id='word_1_155' title='bbox 497 1922 643 1988; x_wconf 90' lang='lat' dir='ltr'>hocloco</span> <span class='ocrx_word' id='word_1_156' title='bbox 670 1941 732 1988; x_wconf 88' lang='lat' dir='ltr'>non</span> <span class='ocrx_word' id='word_1_157' title='bbox 759 1922 822 1986; x_wconf 89' lang='lat' dir='ltr'>nisi</span> <span class='ocrx_word' id='word_1_158' title='bbox 850 1923 882 1986; x_wconf 89' lang='lat' dir='ltr'>et</span> <span class='ocrx_word' id='word_1_159' title='bbox 903 1921 1043 1986; x_wconf 82' lang='lat' dir='ltr'>Glsrotae</span> <span class='ocrx_word' id='word_1_160' title='bbox 1072 1921 1137 1986; x_wconf 87' lang='lat' dir='ltr'>sive</span> <span class='ocrx_word' id='word_1_161' title='bbox 1158 1920 1363 2005; x_wconf 84' lang='lat' dir='ltr'>Apbemiotae</span> <span class='ocrx_word' id='word_1_162' title='bbox 1391 1920 1583 2003; x_wconf 80' lang='lat' dir='ltr'>appellentur</span> <span class='ocrx_word' id='word_1_163' title='bbox 1609 1921 1641 1986; x_wconf 91' lang='lat' dir='ltr'>et</span> <span class='ocrx_word' id='word_1_164' title='bbox 1665 1920 1800 2004; x_wconf 75' lang='grc' dir='ltr'><strong><em>ὑπήκοοι</em></strong></span> <span class='ocrx_word' id='word_1_165' title='bbox 1828 1921 1890 2000; x_wconf 91' lang='lat' dir='ltr'>illi,</span> <span class='ocrx_word' id='word_1_166' title='bbox 1921 1941 2091 2006; x_wconf 87' lang='lat' dir='ltr'>quoscum</span> 
     </span>
     <span class='ocr_line' id='line_1_14' title="bbox 334 2037 2090 2126; baseline 0.002 -19"><span class='ocrx_word' id='word_1_167' title='bbox 334 2041 552 2124; x_wconf 70' lang='lat' dir='ltr'>spartanorum</span> <span class='ocrx_word' id='word_1_168' title='bbox 573 2041 721 2126; x_wconf 90' lang='lat' dir='ltr'>perioecis</span> <span class='ocrx_word' id='word_1_169' title='bbox 747 2040 937 2124; x_wconf 76' lang='lat' dir='ltr'>compererit</span> <span class='ocrx_word' id='word_1_170' title='bbox 958 2037 1190 2124; x_wconf 71' lang='lat' dir='ltr'>Sosierates⁶⁹t</span> <span class='ocrx_word' id='word_1_171' title='bbox 1233 2039 1278 2104; x_wconf 81' lang='lat' dir='ltr'>At</span> <span class='ocrx_word' id='word_1_172' title='bbox 1304 2057 1366 2104; x_wconf 91' lang='lat' dir='ltr'>non</span> <span class='ocrx_word' id='word_1_173' title='bbox 1393 2039 1495 2103; x_wconf 92' lang='lat' dir='ltr'>solum</span> <span class='ocrx_word' id='word_1_174' title='bbox 1520 2057 1597 2122; x_wconf 86' lang='lat' dir='ltr'>quse</span> <span class='ocrx_word' id='word_1_175' title='bbox 1624 2039 1659 2104; x_wconf 91' lang='lat' dir='ltr'>hi</span> <span class='ocrx_word' id='word_1_176' title='bbox 1685 2040 1747 2106; x_wconf 88' lang='lat' dir='ltr'>toti</span> <span class='ocrx_word' id='word_1_177' title='bbox 1775 2042 1896 2107; x_wconf 82' lang='lat' dir='ltr'>civitati</span> <span class='ocrx_word' id='word_1_178' title='bbox 1922 2043 2090 2110; x_wconf 80' lang='lat' dir='ltr'>sedetiam</span> 
     </span>
     <span class='ocr_line' id='line_1_15' title="bbox 333 2139 2091 2246; baseline 0.002 -22"><span class='ocrx_word' id='word_1_179' title='bbox 333 2179 410 2242; x_wconf 86' lang='lat' dir='ltr'>quae</span> <span class='ocrx_word' id='word_1_180' title='bbox 430 2160 570 2226; x_wconf 84' lang='lat' dir='ltr'>Olarotee</span> <span class='ocrx_word' id='word_1_181' title='bbox 590 2161 721 2244; x_wconf 83' lang='lat' dir='ltr'>singulis</span> <span class='ocrx_word' id='word_1_182' title='bbox 742 2161 860 2226; x_wconf 81' lang='lat' dir='ltr'>civibus</span> <span class='ocrx_word' id='word_1_183' title='bbox 881 2139 998 2223; x_wconf 85' lang='lat' dir='ltr'>tribute</span> <span class='ocrx_word' id='word_1_184' title='bbox 1020 2158 1165 2246; x_wconf 82' lang='grc' dir='ltr'><strong><em>(φόρους)</em></strong></span> <span class='ocrx_word' id='word_1_185' title='bbox 1186 2156 1358 2241; x_wconf 80' lang='lat' dir='ltr'>pendebant</span> <span class='ocrx_word' id='word_1_186' title='bbox 1379 2158 1412 2222; x_wconf 87' lang='lat' dir='ltr'>iu</span> <span class='ocrx_word' id='word_1_187' title='bbox 1429 2177 1478 2222; x_wconf 88' lang='lat' dir='ltr'>res</span> <span class='ocrx_word' id='word_1_188' title='bbox 1497 2177 1598 2224; x_wconf 86' lang='lat' dir='ltr'>sacres</span> <span class='ocrx_word' id='word_1_189' title='bbox 1620 2161 1652 2224; x_wconf 89' lang='lat' dir='ltr'>et</span> <span class='ocrx_word' id='word_1_190' title='bbox 1672 2159 1811 2243; x_wconf 87' lang='lat' dir='ltr'>publicos</span> <span class='ocrx_word' id='word_1_191' title='bbox 1833 2163 1953 2228; x_wconf 91' lang='lat' dir='ltr'>sumtus</span> <span class='ocrx_word' id='word_1_192' title='bbox 1974 2165 2007 2229; x_wconf 92' lang='lat' dir='ltr'>et</span> <span class='ocrx_word' id='word_1_193' title='bbox 2020 2183 2091 2230; x_wconf 90' lang='lat' dir='ltr'>eon-</span> 
     </span>
     <span class='ocr_line' id='line_1_16' title="bbox 334 2277 2092 2367; baseline 0.002 -21"><span class='ocrx_word' id='word_1_194' title='bbox 334 2282 488 2346; x_wconf 84' lang='lat' dir='ltr'>viviorum</span> <span class='ocrx_word' id='word_1_195' title='bbox 508 2282 662 2363; x_wconf 86' lang='lat' dir='ltr'>impensas</span> <span class='ocrx_word' id='word_1_196' title='bbox 682 2281 716 2367; x_wconf 84' lang='lat' dir='ltr'>(l.</span> <span class='ocrx_word' id='word_1_197' title='bbox 738 2280 787 2344; x_wconf 88' lang='lat'>19.</span> <span class='ocrx_word' id='word_1_198' title='bbox 810 2282 888 2364; x_wconf 90' lang='lat' dir='ltr'>sqq.)</span> <span class='ocrx_word' id='word_1_199' title='bbox 910 2278 1023 2342; x_wconf 84' lang='lat' dir='ltr'>collate</span> <span class='ocrx_word' id='word_1_200' title='bbox 1042 2297 1109 2342; x_wconf 90' lang='lat' dir='ltr'>esse</span> <span class='ocrx_word' id='word_1_201' title='bbox 1123 2277 1226 2344; x_wconf 89' lang='lat' dir='ltr'>omnia</span> <span class='ocrx_word' id='word_1_202' title='bbox 1245 2277 1336 2361; x_wconf 85' lang='lat' dir='ltr'>plane</span> <span class='ocrx_word' id='word_1_203' title='bbox 1356 2278 1535 2344; x_wconf 78' lang='lat' dir='ltr'>inmedibile</span> <span class='ocrx_word' id='word_1_204' title='bbox 1557 2279 1621 2344; x_wconf 89' lang='lat' dir='ltr'>est:</span> <span class='ocrx_word' id='word_1_205' title='bbox 1642 2278 1722 2344; x_wconf 92' lang='lat' dir='ltr'>unde</span> <span class='ocrx_word' id='word_1_206' title='bbox 1744 2281 1826 2346; x_wconf 90' lang='lat' dir='ltr'>enim</span> <span class='ocrx_word' id='word_1_207' title='bbox 1845 2281 1920 2347; x_wconf 87' lang='lat' dir='ltr'>tunc</span> <span class='ocrx_word' id='word_1_208' title='bbox 1932 2285 2092 2352; x_wconf 81' lang='lat' dir='ltr'>sumebant</span> 
     </span>
     <span class='ocr_line' id='line_1_17' title="bbox 337 2396 2091 2486; baseline 0.005 -23"><span class='ocrx_word' id='word_1_209' title='bbox 337 2399 452 2483; x_wconf 82' lang='lat' dir='ltr'>singuli</span> <span class='ocrx_word' id='word_1_210' title='bbox 465 2399 548 2466; x_wconf 80' lang='lat' dir='ltr'>cives</span> <span class='ocrx_word' id='word_1_211' title='bbox 563 2418 640 2483; x_wconf 87' lang='lat' dir='ltr'>quea</span> <span class='ocrx_word' id='word_1_212' title='bbox 660 2402 780 2484; x_wconf 88' lang='lat' dir='ltr'>prester</span> <span class='ocrx_word' id='word_1_213' title='bbox 801 2399 949 2464; x_wconf 85' lang='lat' dir='ltr'>alimenta</span> <span class='ocrx_word' id='word_1_214' title='bbox 970 2396 1008 2462; x_wconf 86' lang='lat' dir='ltr'>ad</span> <span class='ocrx_word' id='word_1_215' title='bbox 1032 2397 1130 2462; x_wconf 76' lang='lat' dir='ltr'>vitem</span> <span class='ocrx_word' id='word_1_216' title='bbox 1151 2398 1322 2462; x_wconf 78' lang='grc'><strong>1111111111</strong></span> <span class='ocrx_word' id='word_1_217' title='bbox 1344 2398 1437 2462; x_wconf 82' lang='lat' dir='ltr'>sunt?</span> <span class='ocrx_word' id='word_1_218' title='bbox 1481 2397 1686 2478; x_wconf 79' lang='lat' dir='ltr'>Quamobrem</span> <span class='ocrx_word' id='word_1_219' title='bbox 1707 2399 1901 2486; x_wconf 80' lang='grc' dir='ltr'><strong>1111φόρων</strong></span> <span class='ocrx_word' id='word_1_220' title='bbox 1919 2401 2091 2471; x_wconf 75' lang='lat' dir='ltr'>litterarum</span> 
     </span>
     <span class='ocr_line' id='line_1_18' title="bbox 335 2515 2089 2606; baseline 0.004 -23"><span class='ocrx_word' id='word_1_221' title='bbox 335 2520 538 2586; x_wconf 81' lang='lat' dir='ltr'>similitudine</span> <span class='ocrx_word' id='word_1_222' title='bbox 552 2519 744 2586; x_wconf 87' lang='lat' dir='ltr'>intercidisse</span> <span class='ocrx_word' id='word_1_223' title='bbox 758 2517 834 2588; x_wconf 67' lang='grc' dir='ltr'>ἀπὸ</span> <span class='ocrx_word' id='word_1_224' title='bbox 854 2517 1019 2606; x_wconf 80' lang='grc' dir='ltr'><strong><em>μορίου,</em></strong></span> <span class='ocrx_word' id='word_1_225' title='bbox 1041 2515 1136 2580; x_wconf 89' lang='lat' dir='ltr'>donec</span> <span class='ocrx_word' id='word_1_226' title='bbox 1148 2515 1278 2582; x_wconf 86' lang='lat' dir='ltr'>meliore</span> <span class='ocrx_word' id='word_1_227' title='bbox 1290 2517 1404 2599; x_wconf 87' lang='lat' dir='ltr'>aliquis</span> <span class='ocrx_word' id='word_1_228' title='bbox 1418 2517 1563 2596; x_wconf 74' lang='lat' dir='ltr'>mueniet,</span> <span class='ocrx_word' id='word_1_229' title='bbox 1581 2534 1748 2602; x_wconf 89' lang='lat' dir='ltr'>propensus</span> <span class='ocrx_word' id='word_1_230' title='bbox 1763 2537 1833 2586; x_wconf 90' lang='lat' dir='ltr'>sum</span> <span class='ocrx_word' id='word_1_231' title='bbox 1847 2521 1886 2586; x_wconf 85' lang='lat' dir='ltr'>ed</span> <span class='ocrx_word' id='word_1_232' title='bbox 1899 2522 2089 2590; x_wconf 87' lang='lat' dir='ltr'>credendum.</span> 
     </span>
     <span class='ocr_line' id='line_1_19' title="bbox 501 2635 2090 2735; baseline -0.001 -31"><span class='ocrx_word' id='word_1_233' title='bbox 501 2639 602 2706; x_wconf 87' lang='lat' dir='ltr'>Verba</span> <span class='ocrx_word' id='word_1_234' title='bbox 630 2641 749 2716; x_wconf 85' lang='lat' dir='ltr'>eutem,</span> <span class='ocrx_word' id='word_1_235' title='bbox 778 2655 855 2721; x_wconf 88' lang='lat' dir='ltr'>quae</span> <span class='ocrx_word' id='word_1_236' title='bbox 873 2637 1011 2721; x_wconf 84' lang='lat' dir='ltr'>proxime</span> <span class='ocrx_word' id='word_1_237' title='bbox 1033 2636 1176 2700; x_wconf 88' lang='lat' dir='ltr'>secuntur</span> <span class='ocrx_word' id='word_1_238' title='bbox 1205 2635 1289 2699; x_wconf 87' lang='grc'>122</span> <span class='ocrx_word' id='word_1_239' title='bbox 1317 2654 1397 2718; x_wconf 68' lang='lat' dir='ltr'>sqq,</span> <span class='ocrx_word' id='word_1_240' title='bbox 1426 2635 1538 2702; x_wconf 84' lang='lat' dir='ltr'>idcirco</span> <span class='ocrx_word' id='word_1_241' title='bbox 1566 2637 1923 2735; x_wconf 66' lang='grc' dir='ltr'><strong>1111111111,1111μξν</strong></span> <span class='ocrx_word' id='word_1_242' title='bbox 1951 2643 2090 2714; x_wconf 71' lang='grc'><strong>11211</strong></span> 
     </span>
     <span class='ocr_line' id='line_1_20' title="bbox 334 2752 2092 2849; baseline 0.002 -26"><span class='ocrx_word' id='word_1_243' title='bbox 334 2760 355 2823; x_wconf 94' lang='lat' dir='ltr'>l.</span> <span class='ocrx_word' id='word_1_244' title='bbox 378 2762 418 2824; x_wconf 87' lang='lat'>28</span> <span class='ocrx_word' id='word_1_245' title='bbox 440 2760 563 2825; x_wconf 90' lang='lat' dir='ltr'>demum</span> <span class='ocrx_word' id='word_1_246' title='bbox 585 2758 696 2824; x_wconf 86' lang='lat' dir='ltr'>habeat</span> <span class='ocrx_word' id='word_1_247' title='bbox 713 2758 907 2842; x_wconf 88' lang='lat' dir='ltr'>respondens,</span> <span class='ocrx_word' id='word_1_248' title='bbox 930 2758 976 2822; x_wconf 90' lang='lat' dir='ltr'>sic</span> <span class='ocrx_word' id='word_1_249' title='bbox 994 2753 1152 2820; x_wconf 84' lang='lat' dir='ltr'>scribenda</span> <span class='ocrx_word' id='word_1_250' title='bbox 1173 2756 1205 2819; x_wconf 90' lang='lat' dir='ltr'>et</span> <span class='ocrx_word' id='word_1_251' title='bbox 1225 2754 1390 2820; x_wconf 84' lang='lat' dir='ltr'>ordinanda</span> <span class='ocrx_word' id='word_1_252' title='bbox 1410 2752 1700 2833; x_wconf 67' lang='lat' dir='ltr'>assemdim</span> <span class='ocrx_word' id='word_1_253' title='bbox 1722 2757 1961 2842; x_wconf 65' lang='lat' dir='ltr'>insimulato</span> <span class='ocrx_word' id='word_1_254' title='bbox 1981 2783 2092 2849; x_wconf 82' lang='lat' dir='ltr'>agmen</span> 
     </span>
     <span class='ocr_line' id='line_1_21' title="bbox 334 2865 2091 2972; baseline 0.002 -28"><span class='ocrx_word' id='word_1_255' title='bbox 334 2879 446 2944; x_wconf 82' lang='lat' dir='ltr'>ducant</span> <span class='ocrx_word' id='word_1_256' title='bbox 465 2880 557 2945; x_wconf 79' lang='lat' dir='ltr'>verba</span> <span class='ocrx_word' id='word_1_257' title='bbox 585 2873 631 2946; x_wconf 77' lang='lat' dir='ltr'>‘rire</span> <span class='ocrx_word' id='word_1_258' title='bbox 653 2878 691 2961; x_wconf 81' lang='grc' dir='ltr'>δὴ</span> <span class='ocrx_word' id='word_1_259' title='bbox 714 2879 754 2946; x_wconf 72' lang='grc' dir='ltr'><strong><em>ιὰ</em></strong></span> <span class='ocrx_word' id='word_1_260' title='bbox 774 2875 841 2965; x_wconf 76' lang='grc' dir='ltr'>περὶ</span> <span class='ocrx_word' id='word_1_261' title='bbox 863 2876 902 2946; x_wconf 67' lang='grc' dir='ltr'>τὰ</span> <span class='ocrx_word' id='word_1_262' title='bbox 925 2875 1079 2944; x_wconf 69' lang='grc' dir='ltr'><strong><em>συσσίτια</em></strong></span> <span class='ocrx_word' id='word_1_263' title='bbox 1099 2874 1222 2961; x_wconf 67' lang='grc' dir='ltr'><strong><em>βέλτιον</em></strong></span> <span class='ocrx_word' id='word_1_264' title='bbox 1243 2874 1390 2942; x_wconf 71' lang='grc' dir='ltr'><strong><em>τέτακται</em></strong></span> <span class='ocrx_word' id='word_1_265' title='bbox 1412 2881 1475 2951; x_wconf 72' lang='grc' dir='ltr'><strong><em>τοῖς</em></strong></span> <span class='ocrx_word' id='word_1_266' title='bbox 1493 2871 1614 2962; x_wconf 69' lang='grc' dir='ltr'><strong><em>Κρησὶν</em></strong></span> <span class='ocrx_word' id='word_1_267' title='bbox 1634 2865 1653 2956; x_wconf 71' lang='grc' dir='ltr'><strong>ἢ</strong></span> <span class='ocrx_word' id='word_1_268' title='bbox 1674 2882 1739 2953; x_wconf 70' lang='grc' dir='ltr'><strong><em>τοῖς</em></strong></span> <span class='ocrx_word' id='word_1_269' title='bbox 1758 2877 1890 2947; x_wconf 76' lang='grc' dir='ltr'><strong><em>Λάκωσι</em></strong></span> <span class='ocrx_word' id='word_1_270' title='bbox 1911 2883 1945 2968; x_wconf 85' lang='lat' dir='ltr'>(l.</span> <span class='ocrx_word' id='word_1_271' title='bbox 1961 2883 2002 2947; x_wconf 87' lang='grc'>26</span> <span class='ocrx_word' id='word_1_272' title='bbox 2023 2889 2091 2972; x_wconf 73' lang='lat' dir='ltr'>sq),</span> 
     </span>
    </p>
   </div>
   <div class='ocr_carea' id='block_1_3' title="bbox 334 2992 2090 3090">
    <p class='ocr_par' dir='ltr' id='par_1_3' title="bbox 334 2992 2090 3090">
     <span class='ocr_line' id='line_1_22' title="bbox 334 2992 2090 3090; baseline 0.007 -28"><span class='ocrx_word' id='word_1_273' title='bbox 334 2999 478 3063; x_wconf 78' lang='lat' dir='ltr'>claudant</span> <span class='ocrx_word' id='word_1_274' title='bbox 498 2997 575 3086; x_wconf 77' lang='grc' dir='ltr'>πρὸς</span> <span class='ocrx_word' id='word_1_275' title='bbox 596 2995 631 3066; x_wconf 70' lang='lat' dir='ltr'>di</span> <span class='ocrx_word' id='word_1_276' title='bbox 651 2995 707 3080; x_wconf 67' lang='lat' dir='ltr'>elo</span> <span class='ocrx_word' id='word_1_277' title='bbox 728 2997 928 3084; x_wconf 72' lang='grc' dir='ltr'><strong><em>ὀλιγοσιτίαν</em></strong></span> <span class='ocrx_word' id='word_1_278' title='bbox 953 2995 997 3073; x_wconf 79' lang='grc' dir='ltr'>ὣς</span> <span class='ocrx_word' id='word_1_279' title='bbox 1020 2992 1181 3078; x_wconf 72' lang='grc' dir='ltr'><strong><em>ὠφέλιμον</em></strong></span> <span class='ocrx_word' id='word_1_280' title='bbox 1210 2993 1312 3060; x_wconf 64' lang='grc' dir='ltr'><strong><em>πολλὰ</em></strong></span> <span class='ocrx_word' id='word_1_281' title='bbox 1332 2994 1588 3080; x_wconf 74' lang='grc' dir='ltr'><strong><em>πεφιλοσόφηκεν</em></strong></span> <span class='ocrx_word' id='word_1_282' title='bbox 1613 2992 1632 3061; x_wconf 86' lang='grc' dir='ltr'><strong><em>ό</em></strong></span> <span class='ocrx_word' id='word_1_283' title='bbox 1654 2996 1830 3080; x_wconf 59' lang='grc' dir='ltr'><strong><em>νομοθέτης</em></strong></span> <span class='ocrx_word' id='word_1_284' title='bbox 1858 2998 1915 3068; x_wconf 76' lang='grc' dir='ltr'>καί</span> <span class='ocrx_word' id='word_1_285' title='bbox 1936 3001 2014 3090; x_wconf 73' lang='grc' dir='ltr'>πρὸς</span> <span class='ocrx_word' id='word_1_286' title='bbox 2035 3005 2090 3089; x_wconf 71' lang='grc' dir='ltr'>τὴν</span> 
     </span>
    </p>
   </div>
   <div class='ocr_carea' id='block_1_4' title="bbox 332 3108 2094 4883">
    <p class='ocr_par' dir='ltr' id='par_1_4' title="bbox 334 3108 2092 3796">
     <span class='ocr_line' id='line_1_23' title="bbox 334 3108 2090 3211; baseline -0.001 -23"><span class='ocrx_word' id='word_1_287' title='bbox 334 3119 493 3204; x_wconf 72' lang='grc' dir='ltr'><strong><em>διάζευξιν</em></strong></span> <span class='ocrx_word' id='word_1_288' title='bbox 512 3119 575 3186; x_wconf 67' lang='grc' dir='ltr'>τῶν</span> <span class='ocrx_word' id='word_1_289' title='bbox 592 3117 778 3205; x_wconf 70' lang='grc' dir='ltr'><strong><em>γυναικῶν,</em></strong></span> <span class='ocrx_word' id='word_1_290' title='bbox 799 3111 854 3182; x_wconf 74' lang='lat' dir='ltr'>ita</span> <span class='ocrx_word' id='word_1_291' title='bbox 873 3111 919 3199; x_wconf 72' lang='grc' dir='ltr'>μὴ</span> <span class='ocrx_word' id='word_1_292' title='bbox 940 3113 1191 3199; x_wconf 76' lang='grc' dir='ltr'><strong><em>πολυνεκνῶσιν,</em></strong></span> <span class='ocrx_word' id='word_1_293' title='bbox 1211 3109 1267 3194; x_wconf 68' lang='grc' dir='ltr'>τὴν</span> <span class='ocrx_word' id='word_1_294' title='bbox 1290 3111 1367 3199; x_wconf 76' lang='grc' dir='ltr'>πρὸς</span> <span class='ocrx_word' id='word_1_295' title='bbox 1387 3111 1461 3190; x_wconf 69' lang='grc' dir='ltr'><strong><em>τοὺς</em></strong></span> <span class='ocrx_word' id='word_1_296' title='bbox 1482 3108 1619 3199; x_wconf 73' lang='grc' dir='ltr'><strong><em>ἄρρενας</em></strong></span> <span class='ocrx_word' id='word_1_297' title='bbox 1639 3113 1776 3194; x_wconf 67' lang='grc' dir='ltr'><strong><em>ποιήσας</em></strong></span> <span class='ocrx_word' id='word_1_298' title='bbox 1796 3115 1941 3206; x_wconf 79' lang='grc' dir='ltr'><strong><em>ὁμιλίαν,</em></strong></span> <span class='ocrx_word' id='word_1_299' title='bbox 1968 3122 2034 3211; x_wconf 72' lang='grc' dir='ltr'>περὶ</span> <span class='ocrx_word' id='word_1_300' title='bbox 2054 3118 2090 3209; x_wconf 70' lang='grc' dir='ltr'>ἧς</span> 
     </span>
     <span class='ocr_line' id='line_1_24' title="bbox 335 3231 2091 3326; baseline 0.005 -23"><span class='ocrx_word' id='word_1_301' title='bbox 335 3279 376 3288; x_wconf 81' lang='lat'>-</span> <span class='ocrx_word' id='word_1_302' title='bbox 398 3237 510 3326; x_wconf 76' lang='grc' dir='ltr'><strong><em>καιρός</em></strong></span> <span class='ocrx_word' id='word_1_303' title='bbox 532 3235 567 3322; x_wconf 83' lang='lat' dir='ltr'>(l.</span> <span class='ocrx_word' id='word_1_304' title='bbox 589 3236 737 3322; x_wconf 83' lang='lat'>22-25),</span> <span class='ocrx_word' id='word_1_305' title='bbox 759 3231 974 3318; x_wconf 63' lang='grc'><strong>1111111111</strong></span> <span class='ocrx_word' id='word_1_306' title='bbox 996 3232 1167 3310; x_wconf 83' lang='lat' dir='ltr'>observavi,</span> <span class='ocrx_word' id='word_1_307' title='bbox 1189 3231 1243 3298; x_wconf 90' lang='lat' dir='ltr'>sed</span> <span class='ocrx_word' id='word_1_308' title='bbox 1263 3233 1419 3315; x_wconf 82' lang='lat' dir='ltr'>praeterea</span> <span class='ocrx_word' id='word_1_309' title='bbox 1441 3231 1612 3315; x_wconf 82' lang='lat' dir='ltr'>quaeritur,</span> <span class='ocrx_word' id='word_1_310' title='bbox 1639 3250 1738 3298; x_wconf 88' lang='lat' dir='ltr'>nonne</span> <span class='ocrx_word' id='word_1_311' title='bbox 1760 3236 1887 3302; x_wconf 89' lang='lat' dir='ltr'>eandem</span> <span class='ocrx_word' id='word_1_312' title='bbox 1909 3241 1947 3304; x_wconf 92' lang='lat' dir='ltr'>ob</span> <span class='ocrx_word' id='word_1_313' title='bbox 1969 3261 2091 3311; x_wconf 85' lang='lat' dir='ltr'>causam</span> 
     </span>
     <span class='ocr_line' id='line_1_25' title="bbox 335 3350 2090 3446; baseline 0.001 -20"><span class='ocrx_word' id='word_1_314' title='bbox 335 3359 425 3446; x_wconf 72' lang='grc' dir='ltr'><strong><em>πρός</em></strong></span> <span class='ocrx_word' id='word_1_315' title='bbox 446 3383 483 3425; x_wconf 79' lang='grc' dir='ltr'><strong><em>ιε</em></strong></span> <span class='ocrx_word' id='word_1_316' title='bbox 503 3374 558 3441; x_wconf 89' lang='lat' dir='ltr'>pro</span> <span class='ocrx_word' id='word_1_317' title='bbox 578 3351 656 3441; x_wconf 69' lang='grc' dir='ltr'>πρὸς</span> <span class='ocrx_word' id='word_1_318' title='bbox 676 3350 710 3422; x_wconf 81' lang='lat' dir='ltr'>dl</span> <span class='ocrx_word' id='word_1_319' title='bbox 732 3353 773 3430; x_wconf 90' lang='lat' dir='ltr'>et,</span> <span class='ocrx_word' id='word_1_320' title='bbox 794 3354 830 3416; x_wconf 89' lang='lat' dir='ltr'>ut</span> <span class='ocrx_word' id='word_1_321' title='bbox 850 3352 1037 3418; x_wconf 82' lang='lat' dir='ltr'>sbuctursm</span> <span class='ocrx_word' id='word_1_322' title='bbox 1058 3351 1259 3436; x_wconf 86' lang='lat' dir='ltr'>castigemus,</span> <span class='ocrx_word' id='word_1_323' title='bbox 1285 3369 1339 3435; x_wconf 90' lang='lat' dir='ltr'>pro</span> <span class='ocrx_word' id='word_1_324' title='bbox 1367 3350 1503 3436; x_wconf 66' lang='grc' dir='ltr'><strong><em>ποιήσας</em></strong></span> <span class='ocrx_word' id='word_1_325' title='bbox 1524 3350 1599 3416; x_wconf 90' lang='lat' dir='ltr'>duce</span> <span class='ocrx_word' id='word_1_326' title='bbox 1621 3351 1777 3420; x_wconf 82' lang='lat' dir='ltr'>Guilelmo</span> <span class='ocrx_word' id='word_1_327' title='bbox 1804 3355 1926 3434; x_wconf 64' lang='lat' dir='ltr'>„lecito</span> <span class='ocrx_word' id='word_1_328' title='bbox 1954 3363 2090 3428; x_wconf 76' lang='grc'><strong>11111111</strong></span> 
     </span>
     <span class='ocr_line' id='line_1_26' title="bbox 335 3470 2091 3566; baseline 0.001 -20"><span class='ocrx_word' id='word_1_329' title='bbox 335 3477 496 3560; x_wconf 71' lang='grc' dir='ltr'><strong><em>ἐποίησε</em></strong></span> <span class='ocrx_word' id='word_1_330' title='bbox 517 3475 686 3540; x_wconf 90' lang='lat' dir='ltr'>scribemus</span> <span class='ocrx_word' id='word_1_331' title='bbox 708 3475 754 3550; x_wconf 92' lang='lat' dir='ltr'>et,</span> <span class='ocrx_word' id='word_1_332' title='bbox 783 3471 953 3536; x_wconf 85' lang='lat' dir='ltr'>donacelli</span> <span class='ocrx_word' id='word_1_333' title='bbox 977 3472 1039 3536; x_wconf 90' lang='lat' dir='ltr'>loci</span> <span class='ocrx_word' id='word_1_334' title='bbox 1057 3471 1235 3551; x_wconf 86' lang='lat' dir='ltr'>efferuntur,</span> <span class='ocrx_word' id='word_1_335' title='bbox 1265 3472 1375 3555; x_wconf 89' lang='lat' dir='ltr'>quibus</span> <span class='ocrx_word' id='word_1_336' title='bbox 1395 3470 1511 3536; x_wconf 89' lang='lat' dir='ltr'>nudum</span> <span class='ocrx_word' id='word_1_337' title='bbox 1536 3477 1635 3538; x_wconf 71' lang='grc' dir='ltr'><strong><em>ποιεῖν</em></strong></span> <span class='ocrx_word' id='word_1_338' title='bbox 1656 3471 1784 3539; x_wconf 86' lang='lat' dir='ltr'>verbum</span> <span class='ocrx_word' id='word_1_339' title='bbox 1805 3474 1842 3540; x_wconf 92' lang='lat' dir='ltr'>de</span> <span class='ocrx_word' id='word_1_340' title='bbox 1864 3493 1900 3542; x_wconf 91' lang='lat' dir='ltr'>eo</span> <span class='ocrx_word' id='word_1_341' title='bbox 1921 3477 1982 3546; x_wconf 91' lang='lat' dir='ltr'>dici</span> <span class='ocrx_word' id='word_1_342' title='bbox 2003 3499 2091 3566; x_wconf 90' lang='lat' dir='ltr'>posse</span> 
     </span>
     <span class='ocr_line' id='line_1_27' title="bbox 335 3589 2092 3682; baseline 0.005 -22"><span class='ocrx_word' id='word_1_343' title='bbox 335 3596 487 3680; x_wconf 87' lang='lat' dir='ltr'>probetur,</span> <span class='ocrx_word' id='word_1_344' title='bbox 510 3594 563 3677; x_wconf 92' lang='lat' dir='ltr'>qui</span> <span class='ocrx_word' id='word_1_345' title='bbox 583 3594 652 3676; x_wconf 89' lang='lat' dir='ltr'>lege</span> <span class='ocrx_word' id='word_1_346' title='bbox 673 3591 791 3675; x_wconf 85' lang='lat' dir='ltr'>aliquid</span> <span class='ocrx_word' id='word_1_347' title='bbox 812 3591 938 3670; x_wconf 86' lang='lat' dir='ltr'>sauciet,</span> <span class='ocrx_word' id='word_1_348' title='bbox 959 3592 1030 3658; x_wconf 88' lang='lat' dir='ltr'>ente</span> <span class='ocrx_word' id='word_1_349' title='bbox 1044 3591 1179 3675; x_wconf 74' lang='grc' dir='ltr'><strong><em>ποιήσας</em></strong></span> <span class='ocrx_word' id='word_1_350' title='bbox 1193 3592 1248 3657; x_wconf 91' lang='lat' dir='ltr'>aut</span> <span class='ocrx_word' id='word_1_351' title='bbox 1268 3590 1393 3673; x_wconf 69' lang='grc' dir='ltr'><strong><em>ἐποίησε</em></strong></span> <span class='ocrx_word' id='word_1_352' title='bbox 1408 3590 1537 3674; x_wconf 91' lang='lat' dir='ltr'>periisse</span> <span class='ocrx_word' id='word_1_353' title='bbox 1557 3589 1720 3678; x_wconf 80' lang='grc' dir='ltr'><strong><em>νομίμην</em></strong></span> <span class='ocrx_word' id='word_1_354' title='bbox 1741 3595 1791 3660; x_wconf 86' lang='lat' dir='ltr'>vel</span> <span class='ocrx_word' id='word_1_355' title='bbox 1812 3595 1915 3662; x_wconf 90' lang='lat' dir='ltr'>simile</span> <span class='ocrx_word' id='word_1_356' title='bbox 1936 3599 2010 3682; x_wconf 89' lang='lat' dir='ltr'>quid</span> <span class='ocrx_word' id='word_1_357' title='bbox 2032 3620 2092 3668; x_wconf 89' lang='lat' dir='ltr'>non</span> 
     </span>
     <span class='ocr_line' id='line_1_28' title="bbox 336 3698 1365 3796; baseline -0.005 -15"><span class='ocrx_word' id='word_1_358' title='bbox 336 3717 402 3781; x_wconf 88' lang='lat' dir='ltr'>sine</span> <span class='ocrx_word' id='word_1_359' title='bbox 422 3715 531 3780; x_wconf 83' lang='lat' dir='ltr'>idonee</span> <span class='ocrx_word' id='word_1_360' title='bbox 550 3715 669 3779; x_wconf 89' lang='lat' dir='ltr'>ratione</span> <span class='ocrx_word' id='word_1_361' title='bbox 688 3712 838 3796; x_wconf 89' lang='lat' dir='ltr'>suspicari</span> <span class='ocrx_word' id='word_1_362' title='bbox 856 3731 1011 3796; x_wconf 84' lang='lat' dir='ltr'>queamus.</span> <span class='ocrx_word' id='word_1_363' title='bbox 1363 3698 1365 3704; x_wconf 35' lang='lat'><strong>¹</strong></span> 
     </span>
    </p>

    <p class='ocr_par' dir='ltr' id='par_1_5' title="bbox 334 3831 2093 4262">
     <span class='ocr_line' id='line_1_29' title="bbox 501 3831 2090 3918; baseline 0.006 -20"><span class='ocrx_word' id='word_1_364' title='bbox 501 3833 582 3898; x_wconf 79' lang='lat' dir='ltr'>Tum</span> <span class='ocrx_word' id='word_1_365' title='bbox 608 3832 725 3898; x_wconf 90' lang='lat' dir='ltr'>ibidem</span> <span class='ocrx_word' id='word_1_366' title='bbox 750 3833 837 3898; x_wconf 84' lang='grc'>130</span> <span class='ocrx_word' id='word_1_367' title='bbox 863 3833 983 3901; x_wconf 77' lang='grc' dir='ltr'><strong><em>ιούιων</em></strong></span> <span class='ocrx_word' id='word_1_368' title='bbox 1008 3849 1045 3895; x_wconf 85' lang='lat' dir='ltr'>er</span> <span class='ocrx_word' id='word_1_369' title='bbox 1072 3832 1171 3917; x_wconf 80' lang='grc' dir='ltr'><strong><em>ιούιῳ</em></strong></span> <span class='ocrx_word' id='word_1_370' title='bbox 1198 3831 1338 3896; x_wconf 83' lang='lat' dir='ltr'>extitisse</span> <span class='ocrx_word' id='word_1_371' title='bbox 1364 3831 1447 3896; x_wconf 89' lang='lat' dir='ltr'>recte</span> <span class='ocrx_word' id='word_1_372' title='bbox 1471 3833 1535 3897; x_wconf 86' lang='lat' dir='ltr'>iam</span> <span class='ocrx_word' id='word_1_373' title='bbox 1563 3833 1584 3898; x_wconf 88' lang='lat' dir='ltr'>S</span> <span class='ocrx_word' id='word_1_374' title='bbox 1591 3832 1802 3917; x_wconf 85' lang='lat' dir='ltr'>ylburgius</span> <span class='ocrx_word' id='word_1_375' title='bbox 1831 3835 1999 3918; x_wconf 80' lang='lat' dir='ltr'>intellexit,</span> <span class='ocrx_word' id='word_1_376' title='bbox 2036 3843 2090 3907; x_wconf 90' lang='lat' dir='ltr'>sed</span> 
     </span>
     <span class='ocr_line' id='line_1_30' title="bbox 336 3949 2092 4041; baseline 0.002 -19"><span class='ocrx_word' id='word_1_377' title='bbox 336 3954 510 4022; x_wconf 83' lang='lat' dir='ltr'>Guilelmus</span> <span class='ocrx_word' id='word_1_378' title='bbox 537 3956 569 4018; x_wconf 89' lang='lat' dir='ltr'>et</span> <span class='ocrx_word' id='word_1_379' title='bbox 589 3953 630 4017; x_wconf 91' lang='lat' dir='ltr'>P¹</span> <span class='ocrx_word' id='word_1_380' title='bbox 653 3952 796 4017; x_wconf 82' lang='lat' dir='ltr'>exhibent</span> <span class='ocrx_word' id='word_1_381' title='bbox 824 3951 964 4017; x_wconf 84' lang='lat' dir='ltr'>dativum</span> <span class='ocrx_word' id='word_1_382' title='bbox 983 3953 1112 4035; x_wconf 82' lang='lat' dir='ltr'>pluralis</span> <span class='ocrx_word' id='word_1_383' title='bbox 1139 3955 1275 4030; x_wconf 70' lang='lat' dir='ltr'>codrum,</span> <span class='ocrx_word' id='word_1_384' title='bbox 1302 3968 1394 4033; x_wconf 89' lang='lat' dir='ltr'>quem</span> <span class='ocrx_word' id='word_1_385' title='bbox 1422 3951 1482 4015; x_wconf 90' lang='lat' dir='ltr'>etsi</span> <span class='ocrx_word' id='word_1_386' title='bbox 1502 3951 1606 4035; x_wconf 89' lang='lat' dir='ltr'>ipsum</span> <span class='ocrx_word' id='word_1_387' title='bbox 1624 3951 1715 4016; x_wconf 83' lang='lat' dir='ltr'>focile</span> <span class='ocrx_word' id='word_1_388' title='bbox 1729 3949 1754 4017; x_wconf 80' lang='grc'>’1</span> <span class='ocrx_word' id='word_1_389' title='bbox 1776 3955 1895 4022; x_wconf 77' lang='grc' dir='ltr'><strong><em>ιούιων</em></strong></span> <span class='ocrx_word' id='word_1_390' title='bbox 1917 3977 1971 4041; x_wconf 89' lang='lat' dir='ltr'>per</span> <span class='ocrx_word' id='word_1_391' title='bbox 1992 3977 2092 4025; x_wconf 87' lang='lat' dir='ltr'>corre·</span> 
     </span>
     <span class='ocr_line' id='line_1_31' title="bbox 336 4069 2093 4158; baseline 0.002 -17"><span class='ocrx_word' id='word_1_392' title='bbox 336 4079 454 4141; x_wconf 82' lang='lat' dir='ltr'>etmam</span> <span class='ocrx_word' id='word_1_393' title='bbox 482 4077 585 4140; x_wconf 88' lang='lat' dir='ltr'>ortum</span> <span class='ocrx_word' id='word_1_394' title='bbox 606 4089 673 4137; x_wconf 90' lang='lat' dir='ltr'>esse</span> <span class='ocrx_word' id='word_1_395' title='bbox 695 4071 812 4147; x_wconf 84' lang='lat' dir='ltr'>credas,</span> <span class='ocrx_word' id='word_1_396' title='bbox 839 4073 943 4137; x_wconf 88' lang='lat' dir='ltr'>tamen</span> <span class='ocrx_word' id='word_1_397' title='bbox 964 4071 1043 4136; x_wconf 83' lang='lat' dir='ltr'>infra</span> <span class='ocrx_word' id='word_1_398' title='bbox 1066 4072 1188 4149; x_wconf 84' lang='grc'><strong>12621),</strong></span> <span class='ocrx_word' id='word_1_399' title='bbox 1217 4071 1255 4136; x_wconf 90' lang='lat'>16</span> <span class='ocrx_word' id='word_1_400' title='bbox 1287 4069 1437 4154; x_wconf 81' lang='lat' dir='ltr'>inplens</span> <span class='ocrx_word' id='word_1_401' title='bbox 1465 4069 1573 4135; x_wconf 88' lang='lat' dir='ltr'>eadem</span> <span class='ocrx_word' id='word_1_402' title='bbox 1597 4090 1630 4136; x_wconf 94' lang='lat' dir='ltr'>re</span> <span class='ocrx_word' id='word_1_403' title='bbox 1660 4071 1774 4136; x_wconf 89' lang='lat' dir='ltr'>similis</span> <span class='ocrx_word' id='word_1_404' title='bbox 1802 4073 1964 4158; x_wconf 83' lang='lat' dir='ltr'>explicatio</span> <span class='ocrx_word' id='word_1_405' title='bbox 1989 4079 2093 4145; x_wconf 91' lang='lat' dir='ltr'>locum</span> 
     </span>
     <span class='ocr_line' id='line_1_32' title="bbox 334 4195 517 4262; baseline -0.005 -2"><span class='ocrx_word' id='word_1_406' title='bbox 334 4195 517 4262; x_wconf 85' lang='lat' dir='ltr'>nonhabet</span> 
     </span>
    </p>

    <p class='ocr_par' dir='ltr' id='par_1_6' title="bbox 332 4306 2094 4883">
     <span class='ocr_line' id='line_1_33' title="bbox 500 4306 2093 4402; baseline 0.004 -25"><span class='ocrx_word' id='word_1_407' title='bbox 500 4313 609 4394; x_wconf 78' lang='lat' dir='ltr'>Neque</span> <span class='ocrx_word' id='word_1_408' title='bbox 638 4313 659 4376; x_wconf 85' lang='lat' dir='ltr'>l</span> <span class='ocrx_word' id='word_1_409' title='bbox 682 4313 723 4374; x_wconf 84' lang='grc'>40</span> <span class='ocrx_word' id='word_1_410' title='bbox 751 4311 785 4375; x_wconf 88' lang='lat' dir='ltr'>in</span> <span class='ocrx_word' id='word_1_411' title='bbox 810 4310 911 4375; x_wconf 79' lang='lat' dir='ltr'>verbis</span> <span class='ocrx_word' id='word_1_412' title='bbox 939 4309 1013 4379; x_wconf 78' lang='lat' dir='ltr'>odel</span> <span class='ocrx_word' id='word_1_413' title='bbox 1037 4310 1105 4399; x_wconf 72' lang='grc' dir='ltr'>γὰρ</span> <span class='ocrx_word' id='word_1_414' title='bbox 1130 4310 1295 4398; x_wconf 73' lang='grc' dir='ltr'><strong><em>λόμμανός</em></strong></span> <span class='ocrx_word' id='word_1_415' title='bbox 1324 4337 1353 4376; x_wconf 82' lang='lat' dir='ltr'><em>n</em></span> <span class='ocrx_word' id='word_1_416' title='bbox 1381 4314 1445 4387; x_wconf 68' lang='lat' dir='ltr'>soie</span> <span class='ocrx_word' id='word_1_417' title='bbox 1472 4308 1609 4395; x_wconf 75' lang='grc' dir='ltr'><strong><em>κόσμοις</em></strong></span> <span class='ocrx_word' id='word_1_418' title='bbox 1628 4306 1733 4399; x_wconf 68' lang='grc' dir='ltr'><strong><em>ὥσπερ</em></strong></span> <span class='ocrx_word' id='word_1_419' title='bbox 1755 4319 1820 4392; x_wconf 68' lang='grc' dir='ltr'><strong><em>τοῖς</em></strong></span> <span class='ocrx_word' id='word_1_420' title='bbox 1846 4315 1971 4402; x_wconf 70' lang='grc' dir='ltr'><strong><em>ἐφόροις</em></strong></span> <span class='ocrx_word' id='word_1_421' title='bbox 1992 4321 2093 4384; x_wconf 83' lang='lat' dir='ltr'>certus</span> 
     </span>
     <span class='ocr_line' id='line_1_34' title="bbox 334 4425 2093 4515; baseline 0.003 -17"><span class='ocrx_word' id='word_1_422' title='bbox 334 4451 413 4510; x_wconf 90' lang='lat' dir='ltr'>sum,</span> <span class='ocrx_word' id='word_1_423' title='bbox 435 4435 540 4496; x_wconf 87' lang='lat' dir='ltr'>utrum</span> <span class='ocrx_word' id='word_1_424' title='bbox 561 4430 645 4515; x_wconf 71' lang='lat' dir='ltr'>odel,</span> <span class='ocrx_word' id='word_1_425' title='bbox 666 4430 747 4513; x_wconf 87' lang='lat' dir='ltr'>quod</span> <span class='ocrx_word' id='word_1_426' title='bbox 765 4429 938 4495; x_wconf 87' lang='lat' dir='ltr'>Guilelmus</span> <span class='ocrx_word' id='word_1_427' title='bbox 958 4430 991 4493; x_wconf 94' lang='grc'>11</span> <span class='ocrx_word' id='word_1_428' title='bbox 1010 4430 1140 4494; x_wconf 81' lang='lat' dir='ltr'>fortasse</span> <span class='ocrx_word' id='word_1_429' title='bbox 1161 4431 1201 4494; x_wconf 92' lang='lat' dir='ltr'>P¹</span> <span class='ocrx_word' id='word_1_430' title='bbox 1224 4430 1256 4495; x_wconf 91' lang='lat' dir='ltr'>et</span> <span class='ocrx_word' id='word_1_431' title='bbox 1274 4428 1436 4504; x_wconf 83' lang='lat' dir='ltr'>Aretinus,</span> <span class='ocrx_word' id='word_1_432' title='bbox 1459 4445 1498 4491; x_wconf 89' lang='lat' dir='ltr'>an</span> <span class='ocrx_word' id='word_1_433' title='bbox 1519 4425 1626 4507; x_wconf 73' lang='grc' dir='ltr'><strong><em>οὐδὲν,</em></strong></span> <span class='ocrx_word' id='word_1_434' title='bbox 1655 4431 1735 4513; x_wconf 91' lang='lat' dir='ltr'>quod</span> <span class='ocrx_word' id='word_1_435' title='bbox 1755 4432 1838 4496; x_wconf 67' lang='grc' dir='ltr'>ΡΜ·</span> <span class='ocrx_word' id='word_1_436' title='bbox 1861 4432 1908 4514; x_wconf 70' lang='lat' dir='ltr'>Ql-</span> <span class='ocrx_word' id='word_1_437' title='bbox 1928 4433 1968 4498; x_wconf 67' lang='grc'>11</span> <span class='ocrx_word' id='word_1_438' title='bbox 1993 4437 2093 4504; x_wconf 86' lang='lat' dir='ltr'>Aldus</span> 
     </span>
     <span class='ocr_line' id='line_1_35' title="bbox 334 4547 2094 4637; baseline 0.003 -20"><span class='ocrx_word' id='word_1_439' title='bbox 334 4557 366 4617; x_wconf 91' lang='lat' dir='ltr'>et</span> <span class='ocrx_word' id='word_1_440' title='bbox 387 4550 740 4628; x_wconf 66' lang='lat' dir='ltr'>lacesserentur,</span> <span class='ocrx_word' id='word_1_441' title='bbox 768 4550 869 4633; x_wconf 86' lang='lat' dir='ltr'>magis</span> <span class='ocrx_word' id='word_1_442' title='bbox 895 4548 1030 4632; x_wconf 92' lang='lat' dir='ltr'>probem.</span> <span class='ocrx_word' id='word_1_443' title='bbox 1075 4549 1213 4615; x_wconf 83' lang='lat' dir='ltr'>Oorees</span> <span class='ocrx_word' id='word_1_444' title='bbox 1237 4547 1331 4618; x_wconf 71' lang='grc' dir='ltr'><strong><em>οὐδὲν</em></strong></span> <span class='ocrx_word' id='word_1_445' title='bbox 1361 4547 1485 4631; x_wconf 90' lang='lat' dir='ltr'>scripsit</span> <span class='ocrx_word' id='word_1_446' title='bbox 1510 4548 1542 4612; x_wconf 89' lang='lat' dir='ltr'>et</span> <span class='ocrx_word' id='word_1_447' title='bbox 1570 4576 1597 4615; x_wconf 78' lang='lat' dir='ltr'>n</span> <span class='ocrx_word' id='word_1_448' title='bbox 1625 4549 1659 4612; x_wconf 89' lang='lat' dir='ltr'>in</span> <span class='ocrx_word' id='word_1_449' title='bbox 1684 4550 1809 4637; x_wconf 73' lang='grc' dir='ltr'><strong><em>μένεσιι</em></strong></span> <span class='ocrx_word' id='word_1_450' title='bbox 1836 4554 1983 4634; x_wconf 82' lang='lat' dir='ltr'>mutauit,</span> <span class='ocrx_word' id='word_1_451' title='bbox 2011 4559 2044 4622; x_wconf 90' lang='grc'>11</span> <span class='ocrx_word' id='word_1_452' title='bbox 2065 4559 2094 4622; x_wconf 94' lang='lat' dir='ltr'>si</span> 
     </span>
     <span class='ocr_line' id='line_1_36' title="bbox 333 4666 2094 4754; baseline 0.003 -17"><span class='ocrx_word' id='word_1_453' title='bbox 333 4673 505 4738; x_wconf 84' lang='lat' dir='ltr'>mutatione</span> <span class='ocrx_word' id='word_1_454' title='bbox 532 4687 607 4754; x_wconf 92' lang='lat' dir='ltr'>opus</span> <span class='ocrx_word' id='word_1_455' title='bbox 630 4671 693 4746; x_wconf 87' lang='lat' dir='ltr'>est,</span> <span class='ocrx_word' id='word_1_456' title='bbox 715 4667 838 4746; x_wconf 77' lang='lat' dir='ltr'>sufficit,</span> <span class='ocrx_word' id='word_1_457' title='bbox 859 4668 893 4731; x_wconf 91' lang='lat' dir='ltr'>ni</span> <span class='ocrx_word' id='word_1_458' title='bbox 914 4667 1012 4744; x_wconf 87' lang='lat' dir='ltr'>fallor,</span> <span class='ocrx_word' id='word_1_459' title='bbox 1035 4669 1133 4733; x_wconf 87' lang='lat' dir='ltr'>lenior</span> <span class='ocrx_word' id='word_1_460' title='bbox 1153 4670 1246 4737; x_wconf 70' lang='lat' dir='ltr'>lasa</span> <span class='ocrx_word' id='word_1_461' title='bbox 1290 4666 1350 4732; x_wconf 83' lang='lat' dir='ltr'>Sed</span> <span class='ocrx_word' id='word_1_462' title='bbox 1370 4666 1442 4730; x_wconf 91' lang='lat' dir='ltr'>utut</span> <span class='ocrx_word' id='word_1_463' title='bbox 1463 4667 1538 4732; x_wconf 87' lang='lat' dir='ltr'>haec</span> <span class='ocrx_word' id='word_1_464' title='bbox 1559 4667 1683 4751; x_wconf 90' lang='lat' dir='ltr'>quidem</span> <span class='ocrx_word' id='word_1_465' title='bbox 1705 4687 1738 4734; x_wconf 89' lang='lat' dir='ltr'>se</span> <span class='ocrx_word' id='word_1_466' title='bbox 1763 4669 1856 4736; x_wconf 87' lang='lat' dir='ltr'>hebet</span> <span class='ocrx_word' id='word_1_467' title='bbox 1876 4691 1935 4754; x_wconf 87' lang='lat' dir='ltr'>res,</span> <span class='ocrx_word' id='word_1_468' title='bbox 1958 4677 2039 4741; x_wconf 88' lang='lat' dir='ltr'>certe</span> <span class='ocrx_word' id='word_1_469' title='bbox 2060 4679 2094 4743; x_wconf 93' lang='lat' dir='ltr'>in</span> 
     </span>
     <span class='ocr_line' id='line_1_37' title="bbox 332 4785 2094 4883; baseline 0.005 -25"><span class='ocrx_word' id='word_1_470' title='bbox 332 4792 434 4858; x_wconf 88' lang='lat' dir='ltr'>verbis</span> <span class='ocrx_word' id='word_1_471' title='bbox 459 4789 596 4874; x_wconf 85' lang='lat' dir='ltr'>proxime</span> <span class='ocrx_word' id='word_1_472' title='bbox 623 4789 819 4869; x_wconf 88' lang='lat' dir='ltr'>sequentibus</span> <span class='ocrx_word' id='word_1_473' title='bbox 846 4788 950 4876; x_wconf 73' lang='grc' dir='ltr'><strong><em>πόρρω</em></strong></span> <span class='ocrx_word' id='word_1_474' title='bbox 979 4788 1010 4875; x_wconf 74' lang='grc' dir='ltr'>μ’</span> <span class='ocrx_word' id='word_1_475' title='bbox 1034 4787 1225 4856; x_wconf 69' lang='grc' dir='ltr'><strong><em>ἀποικοῦσιν</em></strong></span> <span class='ocrx_word' id='word_1_476' title='bbox 1250 4787 1283 4871; x_wconf 84' lang='lat' dir='ltr'>(l.</span> <span class='ocrx_word' id='word_1_477' title='bbox 1306 4787 1360 4869; x_wconf 86' lang='grc'>41)</span> <span class='ocrx_word' id='word_1_478' title='bbox 1384 4803 1454 4849; x_wconf 83' lang='lat' dir='ltr'>oum</span> <span class='ocrx_word' id='word_1_479' title='bbox 1482 4785 1647 4870; x_wconf 86' lang='lat' dir='ltr'>interprete</span> <span class='ocrx_word' id='word_1_480' title='bbox 1667 4789 1780 4855; x_wconf 77' lang='grc'><strong>11111111</strong></span> <span class='ocrx_word' id='word_1_481' title='bbox 1800 4810 1862 4857; x_wconf 90' lang='lat' dir='ltr'>non</span> <span class='ocrx_word' id='word_1_482' title='bbox 1883 4793 1912 4881; x_wconf 75' lang='grc' dir='ltr'>μ’</span> <span class='ocrx_word' id='word_1_483' title='bbox 1936 4795 1991 4860; x_wconf 89' lang='lat' dir='ltr'>sed</span> <span class='ocrx_word' id='word_1_484' title='bbox 2011 4797 2094 4883; x_wconf 71' lang='grc' dir='ltr'>γὰρ</span> 
     </span>
    </p>
   </div>
   <div class='ocr_carea' id='block_1_5' title="bbox 335 4989 752 5000">
    <p class='ocr_par' dir='ltr' id='par_1_7' title="bbox 335 4989 752 5000">
     <span class='ocr_line' id='line_1_38' title="bbox 335 4989 752 5000; baseline 0.002 -1"><span class='ocrx_word' id='word_1_485' title='bbox 335 4992 438 4999; x_wconf 77' lang='grc'>-...-.--</span> <span class='ocrx_word' id='word_1_486' title='bbox 451 4993 464 4997; x_wconf 83' lang='grc'>-</span> <span class='ocrx_word' id='word_1_487' title='bbox 478 4989 752 5000; x_wconf 73' lang='lat'><strong>-----.--—-————</strong></span> 
     </span>
    </p>
   </div>
   <div class='ocr_carea' id='block_1_6' title="bbox 364 5100 1865 5272">
    <p class='ocr_par' dir='ltr' id='par_1_8' title="bbox 364 5100 1865 5272">
     <span class='ocr_line' id='line_1_39' title="bbox 364 5100 1865 5178; baseline -0.001 -18"><span class='ocrx_word' id='word_1_488' title='bbox 364 5163 367 5170; x_wconf 73' lang='grc'><strong>,</strong></span> <span class='ocrx_word' id='word_1_489' title='bbox 499 5111 546 5178; x_wconf 80' lang='grc'>68)</span> <span class='ocrx_word' id='word_1_490' title='bbox 564 5110 647 5162; x_wconf 76' lang='lat' dir='ltr'>Paulo</span> <span class='ocrx_word' id='word_1_491' title='bbox 664 5118 722 5177; x_wconf 83' lang='lat' dir='ltr'>post</span> <span class='ocrx_word' id='word_1_492' title='bbox 740 5110 757 5160; x_wconf 87' lang='lat' dir='ltr'>l.</span> <span class='ocrx_word' id='word_1_493' title='bbox 777 5112 808 5160; x_wconf 78' lang='grc'>81</span> <span class='ocrx_word' id='word_1_494' title='bbox 829 5125 874 5174; x_wconf 89' lang='lat' dir='ltr'>pro</span> <span class='ocrx_word' id='word_1_495' title='bbox 893 5101 989 5162; x_wconf 81' lang='grc' dir='ltr'><strong><em>Ῥόδον</em></strong></span> <span class='ocrx_word' id='word_1_496' title='bbox 1006 5121 1091 5158; x_wconf 82' lang='lat' dir='ltr'>reram</span> <span class='ocrx_word' id='word_1_497' title='bbox 1110 5107 1241 5158; x_wconf 84' lang='lat' dir='ltr'>lectionem</span> <span class='ocrx_word' id='word_1_498' title='bbox 1258 5100 1354 5159; x_wconf 78' lang='grc' dir='ltr'><strong><em>Ῥόδον</em></strong></span> <span class='ocrx_word' id='word_1_499' title='bbox 1372 5105 1494 5172; x_wconf 78' lang='lat' dir='ltr'>praebent</span> <span class='ocrx_word' id='word_1_500' title='bbox 1510 5114 1608 5158; x_wconf 80' lang='lat' dir='ltr'>vetuste</span> <span class='ocrx_word' id='word_1_501' title='bbox 1625 5107 1757 5159; x_wconf 65' lang='lat' dir='ltr'>tanslatio</span> <span class='ocrx_word' id='word_1_502' title='bbox 1776 5116 1801 5158; x_wconf 85' lang='lat' dir='ltr'>et</span> <span class='ocrx_word' id='word_1_503' title='bbox 1818 5107 1865 5159; x_wconf 69' lang='grc' dir='ltr'>ΡΙ.</span> 
     </span>
     <span class='ocr_line' id='line_1_40' title="bbox 500 5199 1687 5272; baseline -0.003 -18"><span class='ocrx_word' id='word_1_504' title='bbox 500 5207 546 5270; x_wconf 79' lang='lat' dir='ltr'>te)</span> <span class='ocrx_word' id='word_1_505' title='bbox 566 5206 616 5272; x_wconf 84' lang='lat' dir='ltr'>Ap.</span> <span class='ocrx_word' id='word_1_506' title='bbox 634 5206 696 5257; x_wconf 79' lang='lat' dir='ltr'>Alb.</span> <span class='ocrx_word' id='word_1_507' title='bbox 714 5205 765 5256; x_wconf 86' lang='lat' dir='ltr'>VI.</span> <span class='ocrx_word' id='word_1_508' title='bbox 783 5221 808 5271; x_wconf 90' lang='lat' dir='ltr'>p.</span> <span class='ocrx_word' id='word_1_509' title='bbox 827 5209 908 5254; x_wconf 76' lang='grc'><strong>2141.</strong></span> <span class='ocrx_word' id='word_1_510' title='bbox 946 5202 984 5254; x_wconf 81' lang='lat' dir='ltr'>Ol.</span> <span class='ocrx_word' id='word_1_511' title='bbox 1005 5201 1211 5254; x_wconf 77' lang='lat' dir='ltr'>Selloemenn.</span> <span class='ocrx_word' id='word_1_512' title='bbox 1248 5199 1348 5252; x_wconf 85' lang='lat' dir='ltr'>Grieelr.</span> <span class='ocrx_word' id='word_1_513' title='bbox 1368 5199 1478 5252; x_wconf 82' lang='lat' dir='ltr'>Altertb.</span> <span class='ocrx_word' id='word_1_514' title='bbox 1496 5201 1518 5252; x_wconf 91' lang='lat'>1.</span> <span class='ocrx_word' id='word_1_515' title='bbox 1536 5219 1561 5268; x_wconf 92' lang='lat' dir='ltr'>p.</span> <span class='ocrx_word' id='word_1_516' title='bbox 1579 5207 1631 5252; x_wconf 84' lang='grc'><strong>1110</strong></span> <span class='ocrx_word' id='word_1_517' title='bbox 1649 5217 1687 5268; x_wconf 81' lang='lat' dir='ltr'>eq.</span> 
     </span>
    </p>
   </div>
   <div class='ocr_carea' id='block_1_7' title="bbox 499 5301 957 5366">
    <p class='ocr_par' dir='ltr' id='par_1_9' title="bbox 499 5301 957 5366">
     <span class='ocr_line' id='line_1_41' title="bbox 499 5301 957 5366; baseline -0.004 -15"><span class='ocrx_word' id='word_1_518' title='bbox 499 5305 545 5366; x_wconf 78' lang='lat' dir='ltr'>to)</span> <span class='ocrx_word' id='word_1_519' title='bbox 564 5301 594 5352; x_wconf 91' lang='lat' dir='ltr'>In</span> <span class='ocrx_word' id='word_1_520' title='bbox 613 5302 686 5352; x_wconf 86' lang='lat' dir='ltr'>lebni</span> <span class='ocrx_word' id='word_1_521' title='bbox 705 5317 764 5352; x_wconf 85' lang='lat' dir='ltr'>eun.</span> <span class='ocrx_word' id='word_1_522' title='bbox 782 5301 800 5351; x_wconf 93' lang='lat' dir='ltr'>l.</span> <span class='ocrx_word' id='word_1_523' title='bbox 819 5301 837 5350; x_wconf 89' lang='lat'>1.</span> <span class='ocrx_word' id='word_1_524' title='bbox 856 5317 879 5366; x_wconf 92' lang='lat' dir='ltr'>p.</span> <span class='ocrx_word' id='word_1_525' title='bbox 899 5305 957 5350; x_wconf 78' lang='lat'>³³2.</span> 
     </span>
    </p>
   </div>
   <div class='ocr_carea' id='block_1_8' title="bbox 0 0 2310 5840">
    <p class='ocr_par' dir='ltr' id='par_1_10' title="bbox 0 0 2310 5840">
     <span class='ocr_line' id='line_1_42' title="bbox 0 0 2310 5840; baseline 0 0"><span class='ocrx_word' id='word_1_526' title='bbox 0 0 2310 5840; x_wconf 95' lang='lat' dir='ltr'> </span> 
     </span>
    </p>
   </div>
  </div>
 </body>
</html>
