4670 5824
1013 337 1269 410 ..11-

1673 447 1691 486 Β

421 549 458 613 In
487 548 578 614 initio
607 544 719 633 capitis
746 545 853 610 tertii
882 545 1069 613 Aristotcles
1096 567 1178 626 rem,
1207 566 1300 632 quam
1326 548 1360 612 in
1385 549 1453 613 loco
1481 567 1573 632 supra
1595 549 1727 614 tractato
1754 549 1868 628 1274b,
1890 553 1931 618 34
1952 573 2018 639 sqq.

248 667 382 732 breviter
401 668 566 752 attigerat,
588 669 761 734 accuratius
784 667 979 734 considerans
1004 667 1050 732 sie
1069 667 1132 732 iere
1154 667 1306 751 disputat:
1329 667 1401 731 aunt
1422 666 1573 749 quaedam
1594 666 1779 750 reipublicae
1801 669 2019 740 administren.¹

246 784 302 850 dae
323 784 456 864 formae,
484 785 572 850 velut
603 786 773 870 oligerchiu
801 788 832 850 et
854 785 1009 870 tyrannis,
1038 803 1115 867 quae
1141 803 1201 850 non
1223 785 1262 850 ad
1284 804 1478 850 communem
1501 785 1654 863 civitatis,
1682 785 1737 851 sed
1766 787 1805 853 ed
1833 791 1931 857 solam
1957 795 2018 860 im-

246 905 421 986 perantium
445 905 619 970 utilitatem
647 905 800 989 spectent,
830 921 960 985 eamque
986 902 1024 967 ob
1052 920 1192 968 caussam
1219 903 1360 968 nonnulli
1388 905 1457 996 acta
1486 905 1610 988 tyranni
1634 907 1689 968 aut
1717 905 1903 988 olignrebiae
1924 913 2016 995 atque

245 1023 335 1106 pacta
356 1041 416 1088 non
438 1041 505 1088 esse
527 1024 689 1088 universae
716 1022 855 1088 civitatis
876 1039 989 1104 neque,
1020 1039 1090 1086 eum
1117 1022 1266 1086 transitus
1293 1023 1391 1087 butus
1421 1023 1464 1087 sit
1492 1023 1525 1088 in
1553 1023 1648 1088 ubam
1669 1025 1855 1109 reipublicae
1875 1029 2015 1103 formam.

246 1143 332 1206 velut
353 1141 583 1221 democratiam,
608 1142 770 1208 civitatem
791 1141 841 1206 his
864 1142 963 1224 pactis
985 1140 1166 1206 obstrictam
1188 1159 1255 1206 esse
1276 1144 1395 1226 putant.
1441 1141 1590 1206 Secuntur
1611 1143 1703 1208 verba
1733 1139 1816 1234 εἴπερ
1837 1141 1897 1218 οὖν
1918 1161 2017 1239 eppo.

245 1262 438 1346 κρατοῦνται
466 1261 563 1346 τινίς,
590 1262 677 1328 κατὰ
707 1259 763 1328 τὸν
794 1259 910 1362 rodaco
932 1261 1045 1327 τοῦτον
1071 1258 1188 1345 ὁμοίως
1214 1262 1267 1343 τῆς
1296 1260 1418 1338 πόλεως
1445 1262 1565 1347 φατέον
1592 1257 1672 1331 εἶναι
1702 1266 1847 1352 [ταύτης]
1876 1269 1935 1350 τδις
1963 1277 2016 1354 τῆς

245 1380 401 1458 πολιτείας
428 1379 544 1461 ταύτης
562 1381 693 1466 πράξεις
720 1377 777 1448 καί
799 1379 857 1456 τὰς
885 1381 923 1447 ἐκ
946 1380 1000 1461 τῆς
1020 1377 1215 1466 ὀλιγαρχίας
1242 1379 1299 1448 καὶ
1320 1383 1374 1461 τῆς
1395 1380 1599 1468 τυραννίδος,
1628 1382 1740 1462 127611,
1764 1387 1803 1449 13
1826 1405 1910 1470 sqq.,
1940 1408 2017 1472 quae

246 1498 398 1580 quomodo
414 1515 485 1563 curn
507 1497 758 1564 antecedentibus
771 1499 953 1563 cohaereant
973 1513 1098 1581 prorsus
1118 1499 1241 1582 ignoro,
1265 1499 1328 1564 nisi
1348 1499 1474 1563 illorum
1489 1499 1650 1565 bominum
1665 1503 1850 1569 sententiam
1864 1507 2015 1577 refellant.

247 1615 336 1697 Quod
351 1617 379 1682 si
394 1636 501 1682 verum
516 1619 573 1697 est,
594 1619 730 1701 primum
744 1615 831 1685 καιὰ
852 1616 908 1684 τὸν
930 1615 1045 1702 τρόπον
1060 1619 1172 1684 τοῦτον
1187 1636 1248 1683 nen
1261 1617 1414 1700 iungenda
1428 1619 1501 1682 sunt
1515 1637 1585 1684 eum
1600 1624 1876 1707 δημοκραιοιῖνιαι
1888 1626 1939 1709 ”),
1962 1630 2017 1694 sed

247 1755 318 1801 611111
340 1735 459 1821 ὁμοίοις
473 1775 512 1787 -·
529 1735 730 1824 τυραννίδος,
754 1735 863 1801 deinde
884 1752 939 1820 pro
961 1733 1018 1802 xci
1034 1739 1310 1823 δημοκρατοῦνται
1335 1739 1472 1822 praestat
1494 1755 1511 1801 6
1532 1739 1656 1803 vetate
1669 1739 1871 1807 tentatione
1885 1746 2016 1812 scribere

247 1853 335 1923 κατὰ
357 1856 578 1943 δημοκρατίαν
598 1856 791 1943 ἐτράποντο,
819 1856 889 1918 tum
910 1855 994 1918 16616
1015 1855 1131 1936 ταύτης
1151 1857 1236 1939 prius
1258 1855 1386 1922 seclusit
1407 1855 1593 1921 'Philistus
1605 1858 1657 1942 ⁸⁰),
1675 1861 1759 1937 tum,
1782 1859 1814 1924 id
1836 1863 1916 1944 quod
1937 1866 2016 1930 mihi

247 1972 346 2039 suasit
373 1971 629 2060 Hayduckius,
658 1973 704 2040 od
731 1975 803 2056 post
830 1969 948 2058 ὁμοίως
975 1971 1172 2038 inserendum
1199 1976 1262 2052 est,
1294 1975 1424 2057 denique
1445 1993 1484 2039 ne
1509 1975 1555 2040 sic
1576 1975 1701 2058 quidem
1723 1953 1805 2043 stare
1825 1983 1929 2064 potest
1949 1985 2017 2050 teta

246 2091 484 2178 argumentatio,
504 2091 568 2157 nisi
589 2093 680 2158 antee
701 2091 863 2158 refellendi
884 2091 1049 2156 consilium
1067 2091 1219 2175 particula
1239 2091 1434 2158 adversativa
1451 2091 1535 2160 ettad
1557 2093 1729 2161 indicatum
1749 2100 1781 2162 et
1795 2097 2017 2169 democratiam

208 2201 211 2206 ’
247 2229 423 2298 quoquest
444 2228 550 2276 eorum
570 2210 740 2277 formarum
757 2229 885 2277 numero
907 2227 984 2287 csse,
1006 2227 1083 2293 quae
1106 2229 1167 2276 nen
1188 2211 1250 2276 nisi
1269 2211 1308 2278 ad
1330 2211 1556 2277 dominantium
1576 2212 1749 2280 utilitatem
1770 2234 1807 2282 ae
1826 2219 2016 2304 veluntatem

246 2333 399 2416 spectent,
431 2329 557 2396 dismtis
574 2331 676 2396 verbis
696 2331 907 2396 renuntiatum
928 2333 985 2396 est.
1030 2331 1222 2415 Quapropter
1242 2335 1313 2415 post
1338 2333 1430 2397 verba
1451 2349 1532 2396 nune
1551 2333 1690 2416 proxime
1710 2337 1923 2418 praecedentia
1946 2343 2013 2410 ἀλλ’

246 2452 287 2521 οὐ
307 2457 362 2521 διὰ
384 2450 419 2518 τὸ
439 2452 532 2538 κοινῇ
554 2450 721 2536 συμφέρον
742 2471 772 2516 t.
795 2452 845 2516 13.
867 2450 943 2514 hacc
964 2450 1040 2516 fere:
1070 2449 1169 2518 ἀλλὰ
1198 2448 1263 2519 καὶ
1288 2451 1307 2533 ἡ
1335 2450 1572 2537 δημοκρατία
1603 2453 1649 2520 οὐ
1678 2463 1819 2523 σκοπεῖ
1844 2457 1883 2527 τὸ
1905 2465 2016 2548 κοινῇ

246 2574 442 2657 συμφέρον
470 2569 600 2653 periisse
627 2570 744 2634 conicio
774 2571 938 2652 totumque
963 2569 1066 2633 locum
1094 2567 1140 2632 sic
1168 2568 1230 2632 fere
1261 2566 1443 2632 Germanice
1471 2567 1672 2651 interpretor:
1704 2570 1829 2648 „Allein
1859 2576 1937 2641 auch
1965 2577 2015 2642 die

246 2687 467 2768 „Demokratie
493 2685 549 2750 hat
576 2686 665 2750 nicht
692 2685 747 2752 das
774 2683 989 2751 Gemeinuobl
1016 2684 1062 2750 im
1088 2685 1194 2768 Ange:
1225 2683 1280 2750 hat
1306 2685 1372 2750 also
1400 2685 1453 2750 der
1475 2685 1658 2772 Uebergang
1687 2687 1721 2754 in
1742 2689 1792 2754 die
1813 2691 2015 2761 Demelnatie

245 2805 514 2891 „stabgebmdem
544 2822 578 2868 so
606 2806 725 2870 mdeste
752 2822 824 2869 man
853 2803 909 2868 anf
933 2802 1017 2868 diese
1037 2799 1143 2866 Weiss
1170 2800 1251 2866 dann
1279 2801 1357 2866 auch
1383 2800 1433 2866 die
1458 2820 1519 2868 von
1540 2803 1599 2868 den
1619 2803 1842 2872 Maehthabern
1861 2810 1895 2873 in
1916 2810 2016 2878 dieser

246 2925 457 3009 „Verfassnng
477 2921 693 3008 ansgehenden
714 2922 921 3006 Handlungen
941 2939 1019 3006 ganz
1040 2920 1183 2986 aehnlicb
1204 2921 1292 2986 nieht
1312 2920 1359 2986 als
1381 2921 1587 3006 Hundlungen
1611 2922 1664 2987 des
1687 2923 1810 2992 Staates
1831 2929 2013 2999 bezeichnen

246 3043 375 3123 „dirrlen
396 3043 455 3108 wie
473 3041 524 3108 die
545 3040 599 3108 der
618 3041 819 3108 Maebtheber
840 3041 873 3107 in
893 3040 946 3106 der
967 3039 1144 3124 Oligarehie
1165 3040 1227 3106 und
1249 3039 1430 3124 Tyrannis“.

413 3161 634 3226 Verumtamen
656 3161 758 3227 inesse
779 3161 812 3225 in
829 3161 888 3226 hac
908 3159 1131 3244 disceptatione
1151 3159 1338 3226 Aristoteles
1359 3159 1483 3261 fatetur,
1506 3160 1588 3243 quod
1607 3180 1714 3246 reapse
1733 3164 1824 3230 cadat
1844 3166 1878 3230 in
1893 3171 2015 3235 contro-

246 3283 390 3359 uersiam,
412 3280 565 3365 siquidem
589 3299 732 3364 quaerere
755 3281 904 3364 oporteat,
927 3278 1074 3362 quamdiu
1096 3279 1206 3346 civitas
1226 3279 1269 3343 sit
1287 3277 1404 3344 eadem.
1447 3277 1518 3343 Non
1539 3278 1653 3346 desinit
1675 3281 1782 3348 eadem
1804 3301 1880 3362 esse,
1903 3287 2014 3369 inquit,

246 3418 319 3466 cum
340 3399 432 3474 cives,
453 3399 618 3482 postquam
638 3398 672 3463 in
691 3415 752 3462 una
773 3397 848 3462 urbe
869 3396 1095 3473 habitaverunt,
1118 3395 1226 3461 deinde
1250 3397 1428 3481 perplures
1448 3397 1533 3464 deos
1552 3398 1757 3482 dissipantur:
1784 3400 1881 3468 immo
1904 3404 2015 3489 duplex

244 3521 369 3586 tantum
389 3517 524 3582 nominis
547 3517 658 3582 Gracci
679 3515 768 3594 πόλις
790 3516 960 3592 sententie,
982 3533 1042 3598 qua
1063 3517 1096 3579 et
1116 3515 1224 3580 urbem
1245 3515 1401 3599 significat
1422 3519 1454 3580 et
1475 3517 1648 3596 civitatem,
1670 3535 1732 3584 non
1753 3521 1822 3605 ipsa
1840 3541 1890 3588 res
1909 3523 2014 3606 efficit,

244 3641 283 3705 ut
309 3640 402 3703 homo
425 3635 560 3702 Graecus
587 3636 688 3719 primo
721 3635 880 3700 oculorum
911 3633 1023 3699 obtutu
1051 3633 1090 3698 de
1109 3634 1166 3698 bac
1193 3653 1227 3699 re
1249 3634 1388 3701 dubitare
1410 3637 1523 3720 possit,
1553 3656 1583 3702 r.
1606 3638 1645 3702 19
1660 3640 1752 3704 -22.
1795 3642 1840 3707 At
1862 3645 2013 3725 quomodo

245 3757 408 3841 dissipatio
436 3755 511 3820 talis
540 3756 774 3838 διαζευχθῆναι
800 3750 856 3822 stc
884 3754 980 3821 τόπον
1006 3751 1062 3821 καὶ
1092 3753 1166 3830 τοὺς
1189 3753 1382 3839 ἀνθρώπους
1409 3757 1450 3839 (v.
1472 3756 1536 3839 21.)
1559 3756 1709 3840 appellari
1728 3759 1843 3842 possit,
1872 3762 2014 3844 equidem

245 3894 307 3943 non
327 3891 480 3957 assequor,
503 3891 610 3938 verum
630 3891 692 3937 non
712 3872 804 3937 modo
826 3871 973 3937 suadente
991 3871 1214 3936 Buechelerc
1237 3871 1292 3939 τὸν
1306 3873 1413 3959 τόπον,
1435 3872 1498 3954 sed,
1519 3876 1556 3938 ut
1570 3875 1760 3958 corruptelae
1775 3879 1861 3962 origo
1880 3857 2022 3948 everbis

246 3992 365 4062 eisdem
390 3991 529 4076 proxime
548 3993 588 4076 (v.
606 3992 659 4075 20)
687 3990 938 4074 praecedentibus
959 3989 1055 4056 etiam
1076 3989 1198 4056 facibus
1218 3991 1360 4074 patefiat,
1389 3993 1484 4058 simul
1511 3993 1586 4072 τοὺς
1611 3994 1805 4082 ἀννρώπους
1830 3999 2012 4066 secludenda

246 4131 314 4178 esse
343 4109 475 4177 conicio:
508 4109 583 4187 τοὺς
606 4109 802 4197 οίνὲροίπους
831 4109 914 4174 6111111
941 4107 1116 4174 subiectum
1141 4112 1375 4194 διαξαιχβῆναι
1404 4114 1436 4177 st
1462 4113 1592 4196 οἰκῆσαι
1620 4113 1846 4180 infinitivortlm
1872 4120 2012 4186 61611118

245 4231 312 4297 illis
333 4229 583 4296 antecedentibus
604 4229 708 4293 mente
729 4230 867 4312 repetere
888 4245 978 4292 neme
1001 4227 1164 4294 dubitabit.

413 4348 452 4412 In
476 4346 578 4413 verbis
598 4349 704 4412 autem
725 4341 807 4432 εἴπερ
828 4345 896 4434 γάρ
916 4347 983 4414 ἔστι
1003 4347 1157 4415 κοινωνία
1186 4377 1231 4426 τις
1252 4349 1271 4429 ἦ
1292 4348 1397 4428 πόλις,
1427 4344 1493 4418 ἔστι
1521 4347 1555 4422 δὲ
1585 4353 1739 4420 κοινωνία
1767 4358 1903 4424 πολιτῶν
1925 4371 2012 4426 πολι·

246 4469 348 4552 τείας,
376 4467 550 4557 γινομένης
572 4467 680 4551 ἓτίρας
708 4467 753 4551 τῷ
773 4464 844 4535 είδει
867 4463 924 4532 καὶ
946 4465 1161 4551 διαφερούσης
1183 4469 1236 4549 τῆς
1258 4465 1413 4546 πολιτείας
1433 4467 1622 4556 ἀναγκαῖον
1643 4463 1723 4537 εἶναι
1746 4472 1866 4558 δόξειεν
1887 4469 1932 4544 δν
1954 4477 2011 4546 καὶ

245 4593 304 4670 τὴν
323 4586 415 4654 πόλιν
437 4577 518 4652 εἶναι
539 4583 585 4668 μὴ
606 4583 662 4666 τὴν
683 4581 803 4666 αὐτήν,
833 4582 949 4661 lateo,
981 4583 1093 4663 1-4,
1114 4585 1279 4668 postquam
1304 4585 1548 4654 Schneiderus
1568 4591 1652 4654 recte
1674 4609 1796 4658 comme
1815 4595 1922 4678 posuit
1940 4595 2012 4679 post

245 4707 381 4775 πολιτῶν
402 4701 569 4780 πολιτείας,
594 4701 819 4786 Congrerius
837 4703 995 4786 praeterea
1017 4702 1152 4770 πολιτῶν
1174 4704 1341 4772 sostrata
1362 4704 1496 4789 scripsit
1534 4706 1634 4786 Quem
1656 4711 1744 4792 sequi
1765 4729 1891 4797 nequeo,
1914 4713 2011 4779 immo

245 4825 381 4894 πολιτῶν
403 4819 508 4906 potins
529 4837 652 4904 prorsus
674 4839 932 4905 supervacaneum
954 4839 1021 4887 esse
1041 4821 1181 4889 arbitror.
1226 4823 1297 4888 Non
1320 4823 1404 4890 enim
1425 4825 1498 4906 quia
1517 4825 1634 4892 eivium
1654 4829 1795 4907 societas,
1818 4849 1895 4913 quae
1912 4831 2033 4898 lomna·

415 5077 463 5143 ss)
482 5076 534 5139 Qui
552 5077 629 5128 verbs
648 5077 684 5127 ita
707 5087 869 5138 construunt,
896 5087 1025 5144 praeterea
1048 5079 1145 5130 iaciunt
1168 5080 1329 5130 Aristotelem
1348 5095 1432 5130 secum
1451 5081 1507 5146 ipsc
1531 5091 1697 5148 pugnantem,
1721 5093 1749 5133 ut
1767 5087 1810 5149 qui
1828 5087 1890 5137 nulli
1909 5091 2011 5139 omuino

246 5165 415 5215 democretius
433 5163 510 5214 aliam
528 5164 651 5214 rationem
668 5163 783 5214 tribuerit
801 5164 848 5214 nisi
868 5179 943 5214 unam
963 5165 1145 5216 dominantium
1163 5165 1304 5227 utilitatem,
1323 5183 1346 5216 ιι.
1367 5171 1418 5216 ut
1439 5182 1493 5232 sqq.

414 5248 461 5314 ao)
481 5247 538 5299 Iul.
555 5266 581 5315 p.
591 5252 634 5298 ar.
757 5241 760 5248 '
