4684 5830
1113 357 1341 431 ,4-

347 575 414 638 tore
435 573 486 637 lrie
506 573 573 638 illie
595 575 640 637 ite
661 573 824 646 mutatam,
846 567 881 634 ut
903 571 1023 656 saepius
1047 571 1199 663 eupitibus
1220 569 1473 656 praecedentibus
1495 569 1602 634 eitetie
1623 569 1740 656 speeies
1765 568 1865 664 iustae
1887 570 2111 636 sententiarum

347 692 586 756 continuationis
620 691 774 756 existeret.
831 689 944 754 Contra
976 689 1243 754 Pelenaarius
1274 707 1346 754 eum
1374 687 1439 753 iam
1468 689 1607 771 tempore
1633 686 1839 770 Apellioontis
1864 687 1933 752 Teii
1955 689 2112 772 exemplar

345 810 472 894 genuini
493 811 593 894 operis
615 809 770 894 integmm
790 807 912 874 nullum
932 807 1118 889 superfuisse
1139 811 1284 886 sumeret
1304 807 1344 874 ab
1366 807 1426 872 hoo
1443 807 1509 874 viru
1532 806 1668 882 erariis,
1691 824 1768 888 quae
1787 807 1818 871 ei
1831 808 1953 890 praesto
1969 807 2109 882 luissent,

345 927 528 1010 fragmentis
550 927 660 992 callide
681 925 814 1008 quidem,
837 924 890 990 sed
912 917 1093 1009 saepissime
1116 928 1221 993 eontra
1243 927 1381 992 ordinem
1403 926 1442 990 ab
1463 925 1634 990 Aristotele
1656 924 1810 1007 quondam
1831 926 2013 992 institutum
2034 945 2108 991 eon-

345 1045 509 1126 glutioatis
531 1047 622 1128 atque
643 1045 709 1114 hue,
722 1043 799 1109 illue
817 1044 1014 1126 transpositis
1033 1045 1249 1128 nonnullisque
1271 1044 1412 1112 frustulis
1434 1043 1471 1108 da
1486 1044 1584 1127 ipsius
1599 1043 1714 1110 fabum
1728 1043 1844 1108 additis
1859 1045 1939 1108 hane
1953 1045 2108 1127 epitomen

347 1164 588 1229 oonsareiuatem
612 1183 691 1241 esse,
721 1181 813 1246 quam
843 1163 944 1227 solam
970 1181 1024 1246 pro
1046 1181 1192 1246 germano
1215 1159 1305 1246 opere
1327 1163 1458 1246 posteris
1481 1162 1683 1226 ooneessisset
1704 1162 1879 1245 temporum
1900 1162 2029 1238 iniuria,
2052 1163 2107 1227 de-

345 1282 515 1346 monstrare
550 1283 676 1348 conatus
711 1283 767 1346 ast
817 1281 885 1346 Iam
917 1281 1038 1358 omniu,
1071 1297 1267 1364 quaeeunque
1295 1280 1427 1365 protulit
1453 1279 1491 1344 ud
1521 1280 1600 1346 hana
1627 1281 1815 1346 senteutiam
1841 1281 2106 1363 eomprehendam,

345 1399 516 1463 eeeuretius
538 1400 711 1465 examinare
733 1417 830 1480 neque
852 1399 943 1463 huius
964 1399 1026 1464 looi
1048 1417 1146 1482 neque
1168 1400 1292 1468 omniuo
1314 1417 1390 1482 opus
1411 1399 1467 1476 est,
1488 1398 1683 1481 sed'praeter
1703 1398 1781 1462 elios
1802 1399 1897 1474 loeus,
1920 1417 2049 1481 quorum
2069 1399 2108 1463 de

346 1517 558 1582 emendatione
579 1534 599 1581 a
623 1537 673 1582 me
694 1519 846 1602 temptata
868 1518 1003 1582 nondum
1024 1519 1175 1583 rationem
1197 1507 1325 1596 reddidi,
1347 1517 1488 1582 nonnulli
1503 1535 1617 1594 eonem,
1640 1517 1692 1598 qui
1713 1517 1828 1600 purtim
1849 1535 1868 1581 a
1889 1517 2107 1602 Beruaysio

345 1637 460 1719 purtim
482 1655 500 1700 a
526 1637 760 1702 Pelenaario
782 1637 896 1719 purtim
918 1637 957 1704 ab
978 1637 1107 1720 utroque
1130 1637 1229 1702 denuo
1251 1636 1435 1702 eonieotun's
1456 1636 1549 1720 petiti
1570 1637 1658 1712 sunt,
1683 1635 1804 1718 largam
1824 1635 1904 1704 mihi
1926 1653 2022 1712 nune,
2049 1636 2107 1700 alii

345 1755 407 1820 alie
429 1753 559 1818 fortasse
580 1755 732 1819 scribendi
754 1757 912 1820 oeeasione
935 1755 1015 1832 date,
1035 1774 1090 1838 per
1107 1773 1199 1838 quam
1218 1755 1312 1820 simul
1334 1753 1372 1819 de
1392 1753 1619 1838 psyehologieis
1635 1753 1815 1818 Aristotelis
1836 1753 1926 1818 libris
1947 1755 2106 1830 disseram,

346 1872 523 1956 disputandi
551 1873 714 1937 materiam
742 1874 980 1956 suppeditabunt
1010 1875 1246 1957 enoptntemque
1273 1873 1301 1936 si
1329 1890 1406 1954 quae
1434 1873 1537 1936 uiinus
1566 1873 1659 1955 probe
1686 1872 1752 1936 vidi
1786 1871 1968 1938 emendandi
1997 1889 2108 1956 oppor-

345 1991 522 2057 tunitetem.

511 2109 618 2191 Neque
650 2113 754 2175 temen
783 2130 898 2176 errasse
925 2110 1005 2175 milri
1030 2110 1151 2187 videor,
1184 2128 1254 2174 enm
1280 2111 1312 2174 iu
1338 2110 1608 2174 commentationis
1636 2109 1674 2174 de
1701 2111 1783 2174 iusto
1813 2110 1940 2175 servitio
1962 2111 2105 2194 scriptae,

347 2227 483 2307 quaein
511 2227 584 2292 libri
612 2227 727 2311 primi
754 2229 854 2311 eapite
881 2229 1014 2310 quinto
1043 2229 1138 2306 inest,
1166 2227 1257 2293 initio
1288 2225 1321 2294 τὸ
1350 2227 1418 2315 γὰρ
1445 2221 1560 2313 ἄρχειν
1588 2226 1643 2295 καὶ
1665 2221 1832 2314 ἄρχεσθαι
1855 2229 1895 2294 οὐ
1919 2228 2020 2312 μόνον
2042 2230 2106 2296 τῶν

346 2344 540 2431 ἀνοτγιιαίων
560 2345 644 2413 ἀλλὰ
661 2345 717 2413 καὶ
738 2349 800 2413 τῶν
824 2347 1052 2433 συμφερόντων
1075 2347 1149 2414 ἐστι’.
1194 2347 1250 2414 καλ
1272 2345 1372 2424 εὐθὺς
1394 2349 1431 2413 ἐκ
1451 2347 1580 2434 γενετῆς
1600 2341 1670 2412 ἔνια
1692 2345 1838 2428 διέστηκε
1859 2347 1897 2416 τὰ
1920 2346 1980 2432 palo
1999 2345 2045 2414 ἐπὶ
2067 2345 2103 2413 τὸ

345 2455 509 2547 ἄρχεσθαι
532 2461 572 2530 τὰ
592 2463 618 2530 8
639 2462 686 2530 lai
708 2463 742 2531 τὸ
765 2459 889 2550 ἄρχειν.
932 2461 988 2534 κοιλ
1011 2461 1076 2547 εἴδη
1097 2465 1199 2533 πολλὰ
1220 2463 1277 2533 καὶ
1298 2464 1467 2551 ἀρχόντων
1487 2462 1543 2531 καλ
1563 2463 1756 2550 ἀρχομένων
1778 2467 1875 2552 ἐστίν,
1892 2463 1948 2534 καλ
1971 2466 2019 2533 ἀεὶ
2034 2477 2106 2552 βελ-

346 2579 419 2645 τίων
450 2579 536 2666 ἁρχὴ
566 2581 585 2662 ἡ
615 2583 676 2648 τῶν
699 2584 867 2668 βελτιόνων
894 2584 1096 2670 ἀρχομένων,
1122 2577 1191 2651 οἷον
1212 2583 1389 2668 ἀνθρώπου
1408 2576 1427 2665 ἢ
1449 2583 1574 2668 θηρίου.
1620 2583 1654 2650 τὸ
1676 2583 1744 2671 γὰρ
1766 2585 2019 2672 ἀποτελούμενον
2040 2584 2105 2650 ἀπὸ

346 2701 407 2766 τῶν
432 2701 601 2784 βελτιόνων
628 2705 751 2788 βέλτιον
779 2696 893 2788 ἔργον·
919 2698 1000 2770 ὅπου
1020 2701 1054 2770 dl
1076 2704 1110 2770 τὸ
1130 2702 1190 2789 μλν
1211 2698 1303 2788 ἄρχει
1324 2703 1359 2769 τὸ
1379 2703 1405 2769 δ’
1429 2696 1563 2788 ἄρχεται
1570 2753 1580 2786 ,
1610 2702 1678 2770 ἐστι’
1697 2731 1724 2769 τι
1748 2703 1868 2772 τούτων
1889 2699 1994 2791 {gyon-
2036 2698 2105 2770 ὅσοι

345 2815 412 2900 γὰρ
438 2819 475 2884 ἔτι
503 2819 654 2886 πλειόνων
683 2821 859 2902 συνέστηκε
887 2819 943 2888 καὶ
969 2821 1092 2909 γίνεται
1116 2817 1149 2888 ἕν
1170 2850 1197 2887 τι
1220 2818 1347 2898 κοινόν,
1379 2815 1436 2886 εἴτε
1457 2821 1495 2886 ἐκ
1516 2822 1666 2903 συνεχῶν
1687 2815 1746 2888 εἴτε
1768 2822 1805 2887 ἐκ
1829 2823 2039 2909 διῃρημένων,
2068 2824 2104 2888 ἕν

247 2926 253 2936 ’
346 2927 673 3021 denominandam
696 2937 728 3004 τὸ
753 2933 859 3025 ἄρχον
880 2938 935 3006 καὶ
958 2942 992 3009 τὸ
1015 2942 1215 3027 ἀρχόμενον,
1245 2941 1360 3016 12543,
1384 2939 1524 3014 21-30,
1553 2938 1634 3020 qdod
1653 2940 1724 3003 anie
1746 2957 1797 3004 me
1819 2939 2018 3006 offensionem
2038 2941 2103 3004 iiim

345 3055 505 3132 paraverat
529 3053 743 3138 conringio
772 3057 1072 3141 Sohuetaioque‚
1103 3058 1368 3123 eoulirmetionem
1396 3058 1519 3124 ultimis
1546 3057 1649 3122 verbis
1679 3052 1744 3126 ὅσα
1766 3057 1833 3145 γὰρ
1855 3096 1894 3108 -
1918 3058 2102 3145 ἀρχόμενον

346 3187 520 3253 expressam
541 3191 603 3238 non
623 3173 661 3238 ad
683 3173 739 3240 καὶ
761 3170 826 3256 εἴδη
847 3175 948 3244 πολλὰ
969 3175 1140 3263 ἀρχόντων
1160 3173 1217 3243 καλ
1239 3175 1431 3262 ἀρχομένων
1454 3177 1539 3243 ἐστίν
1560 3179 1602 3262 (v.
1626 3177 1666 3240 24
1682 3177 1757 3262 sq),
1787 3175 1841 3240 ded
1863 3175 1901 3240 ad
1923 3177 2025 3260 priora
2044 3177 2104 3245 καὶ

345 3289 444 3366 εὐθὺς
465 3329 503 3338 -
525 3290 572 3359 ἐπὶ
599 3292 633 3359 τὸ
655 3289 769 3378 ἄρχειν
799 3297 840 3378 (ι.
864 3293 905 3357 23
924 3295 982 3378 sq.)
1011 3293 1207 3379 relemem⁷)‚
1237 3311 1423 3377 quamquam
1442 3313 1523 3359 nune
1541 3295 1802 3379 Berueysium
1822 3294 1910 3360 video
1933 3297 2103 3360 eontrariee

346 3407 515 3472 sententiae
542 3411 794 3492 patrocinantem.
838 3411 978 3480 Tametsi
1004 3414 1087 3478 enim
1109 3413 1189 3491 inde,
1217 3411 1298 3494 quod
1319 3414 1352 3476 in
1373 3413 1516 3479 omnibus
1539 3413 1640 3490 rebus,
1662 3432 1741 3496 quas
1763 3432 1780 3478 e
1803 3414 1942 3496 pluribus
1963 3417 2103 3499 pertibus

346 3527 487 3592 constent
505 3529 657 3593 unitatem
678 3531 890 3609 efficientibus,
921 3533 952 3596 et
973 3531 1015 3609 id,
1038 3531 1119 3613 quod
1138 3533 1279 3614 imperet,
1307 3533 1339 3595 et
1359 3531 1401 3610 id,
1430 3531 1511 3614 quod
1532 3531 1665 3610 oboedit‚
1690 3533 1824 3616 apparet
1855 3533 2102 3616 oolligere.haud

327 3621 437 3707 ¹dubie
463 3643 537 3708 lieet
563 3645 720 3729 eomplura
747 3666 814 3712 esse
838 3652 907 3713 tum
929 3648 1148 3732 imperantium
1167 3665 1280 3733 genera
1299 3651 1368 3714 tum
1389 3649 1618 3715 oboedientium
1639 3650 1754 3733 partim
1773 3651 1879 3734 peiora
1897 3655 2012 3735 partim
2034 3673 2101 3720 me-

343 3763 435 3840 liora,
464 3763 569 3827 temen
596 3759 776 3850 intellegere
804 3783 934 3849 nequeo,
964 3765 1115 3849 quomodo
1140 3767 1209 3850 quis
1236 3768 1264 3831 si
1290 3768 1450 3850 sequentia
1468 3771 1609 3833 aoourate
1630 3767 1840 3853 perpenderit,
1869 3789 1981 3853 negare
2000 3776 2102 3856 possit

342 3881 472 3946 minime
493 3883 525 3945 in
547 3883 605 3946 hee
625 3902 658 3946 re
682 3882 918 3955 demonstranda
939 3885 1106 3950 subsistere
1126 3885 1215 3950 illam
1237 3885 1510 3965 confirmationem,
1534 3886 1589 3954 sed
1610 3887 1674 3951 iam
1695 3886 1788 3952 adid
1809 3890 2035 3972 explorandum,
2067 3895 2102 3957 in

343 4019 401 4081 quo
423 4001 520 4065 totius
542 4004 818 4085 argumentationis
832 4004 921 4068 cardo
945 4005 1091 4082 versatur,
1114 4005 1198 4068 viam
1218 4004 1348 4081 munire,
1370 4023 1478 4087 nempe
1499 4023 1649 4088 quaenam
1671 4023 1707 4069 er
1728 4006 1794 4070 illis
1813 4008 1975 4088 generibus
1991 4029 2101 4076 seeun-

341 4119 415 4183 dum
435 4120 577 4185 naturam
600 4118 672 4197 sint,
695 4123 726 4186 et
745 4123 847 4188 utrum
871 4123 902 4186 in
925 4139 1030 4190 eomm
1051 4140 1178 4191 numero
1201 4123 1296 4188 etiem
1318 4122 1461 4186 dominus
1482 4143 1519 4188 ae
1539 4143 1644 4190 servus
1658 4143 1697 4188 uu
1712 4142 1803 4189 omne
1817 4126 1979 4192 servitium
1994 4131 2102 4195 eontra

341 4239 482 4302 aetenam
504 4239 556 4303 sit.
600 4239 687 4318 Quod
708 4243 743 4305 ut
764 4241 828 4318 liat,
855 4241 894 4306 ed
914 4260 950 4306 ea
971 4243 1074 4325 potius
1097 4241 1186 4306 illam
1206 4242 1359 4324 pertinere
1380 4259 1503 4306 neeesse
1527 4242 1583 4318 est,
1615 4261 1691 4324 quae
1714 4245 1777 4308 iam
1798 4245 1831 4309 io
1854 4245 1955 4310 verbis
1976 4265 2100 4330 praeoe-

342 4355 483 4420 deutibus
514 4358 650 4422 eiusdem
679 4361 849 4438 sententiae
877 4360 965 4438 sunt,
995 4360 1063 4424 dieo
1087 4360 1197 4424 statim
1224 4357 1295 4424 inde
1320 4361 1359 4424 ab
1385 4359 1453 4442 ipsa
1482 4361 1679 4444 generatione
1711 4362 1860 4444 quaedam
1886 4365 1968 4429 inter
1992 4383 2025 4428 so
2052 4367 2101 4432 ita

341 4471 471 4548 dilierre,
498 4477 533 4537 ut
561 4475 622 4539 alia
644 4475 681 4540 ad
704 4477 916 4562 imperandum
934 4479 996 4542 elie
1018 4478 1057 4542 ad
1078 4475 1246 4561 parendum
1267 4479 1333 4560 ipsa
1356 4480 1464 4542 nature
1486 4475 1637 4544 destinato
1660 4479 1732 4550 sint
1777 4482 1843 4546 lam
1864 4481 1911 4546 sie
1929 4483 2101 4566 prooeduut

340 4702 758 4721 Q

506 4852 535 4917 7)
555 4853 594 4902 De
612 4855 691 4906 Arist
711 4858 762 4921 pol.
782 4857 798 4908 l.
819 4859 831 4906 I
850 4867 875 4908 et
894 4858 920 4908 11
938 4865 1034 4922 quaest.
1054 4859 1118 4920 crit,
1139 4856 1234 4922 Grypln
1254 4857 1491 4912 MDCCCLXVII.
1511 4863 1561 4924 pt
1581 4874 1619 4923 sq.
1657 4857 1748 4912 Utrum
1768 4867 1835 4910 reete
1857 4860 1889 4914 ob
1909 4859 1975 4912 hene
1993 4875 2099 4916 eausam

338 4937 413 4986 verbe
432 4937 477 4988 ille
497 4945 542 4990 eal
559 4935 641 4992 atate
660 4969 691 4979 -
711 4937 802 5010 ἄρχειν
821 4953 878 5009 poet
895 4941 952 4997 ἐστι
968 4963 993 4997 η
1012 4941 1113 4997 τούτων
1130 4945 1206 5013 ἔργον
1225 4945 1262 5010 (v.
1275 4945 1322 5008 28)
1342 4946 1481 4994 traiecerim
1499 4959 1531 4993 an
1550 4945 1643 4994 tradito
1661 4959 1692 4994 eu
1710 4944 1767 4995 loeo
1787 4945 1848 4996 setis
1866 4947 1945 4996 tuitus
1963 4947 2100 4999 sit'l'lru-

339 5030 428 5074 relus
446 5023 549 5086 (iturae
566 5027 672 5090 ortuque
691 5029 912 5080 MDCCCLXIX.
931 5048 954 5096 p.
974 5031 1020 5094 dt)
1038 5034 1069 5082 ‹le
1087 5033 1142 5097 ipse
1163 5031 1342 5082 sententiarum
1361 5031 1458 5082 ratione
1476 5045 1572 5082 meeum
1592 5043 1710 5091 concere,
1735 5047 1774 5082 ree
1792 5032 1904 5097 prolecto
1923 5035 2024 5086 minoris
2043 5053 2101 5089 mo·

337 5109 413 5160 ruenti
437 5117 486 5169 est,
511 5111 542 5160 de
566 5128 617 5176 qua
642 5123 775 5179 postquem
802 5117 909 5168 breviter
931 5117 1036 5167 disserui
1060 5117 1085 5166 in
1111 5118 1199 5198 hefrm
1218 5112 1393 5181 quaestionum
1417 5133 1441 5182 p.
1460 5115 1507 5166 lV.
1529 5114 1639 5182 (Gryph.
1659 5115 1911 5186 MDCCGLXXII.)
1929 5135 1952 5183 p.
1974 5125 1998 5170 4.
2016 5137 2041 5170 ιι.
2063 5130 2101 5186 8.,

239 5205 243 5212 ’
337 5211 382 5260 per
398 5211 436 5246 me
456 5197 514 5249 lieet
534 5202 576 5250 elil
596 5201 669 5250 aliter
688 5201 805 5251 iudicent.
