4684 5830
1115 355 1371 432 ..10„.

363 566 482 632 ratione
502 569 608 635 sedern
628 571 757 647 habent,
786 572 818 638 id
841 573 888 636 est
917 570 1226 637 intellectuales
1255 571 1486 657 (διανοητικόν)
1515 569 1689 637 immiscuit
1710 571 1841 654 scriptor
1862 573 1904 657 (v.
1928 570 2034 656 2-7.)
2054 569 2130 635 lruic

363 688 624 768 argumentationi
647 691 678 754 et
698 693 860 773 utramque
881 691 1003 754 animae
1023 691 1143 774 partem
1164 689 1261 755 serris
1284 707 1403 774 quoque
1422 689 1664 773 mulieribusque
1686 699 1718 754 et
1738 692 1842 774 pneris
1862 690 1976 756 tribuit
1993 693 2034 776 (r.
2046 691 2131 754 10-

365 803 445 890 m),
467 825 528 872 non
550 807 680 874 debebat
695 809 727 873 in
747 809 839 874 modo
862 809 1061 892 exquirendo,
1090 827 1149 892 quo
1170 809 1205 873 hi
1225 825 1346 892 quoque
1367 827 1474 873 omnes
1496 809 1624 874 moralis
1648 809 1774 882 virtutis
1794 809 1961 893 participes
1984 809 2062 886 sint,
2082 809 2132 872 ita

364 924 572 1004 acquiescere,
593 927 629 991 ut
650 927 870 993 intellectualis
889 929 995 994 nuum
1016 929 1094 993 item
1123 929 1226 992 essent
1248 945 1287 992 an
1308 945 1369 992 non
1391 930 1496 992 essent
1527 927 1653 994 silentio
1675 929 1766 1012 plane
1787 929 1978 1014 praeteriret.
2021 927 2132 1010 Neque

365 1041 424 1106 hoo
450 1043 488 1109 ab
520 1063 555 1110 eo
582 1035 698 1112 facturn
728 1065 794 1112 esse
823 1065 859 1112 eo
889 1048 926 1113 fit
953 1047 1173 1122 verisimilius,
1201 1064 1261 1130 quo
1287 1047 1459 1112 accuratius
1481 1046 1709 1112 consideramus
1731 1065 1809 1130 quas
1831 1047 1870 1113 ad
1889 1045 2131 1114 continuandam

365 1163 550 1229 sententiam
578 1164 615 1232 da
643 1167 778 1250 perfecta
804 1168 945 1245 virtutis,
972 1167 1001 1231 si
1023 1165 1143 1232 codices
1167 1184 1275 1232 rerum
1292 1157 1467 1250 praebent,
1494 1166 1660 1232 moralis
1681 1167 1796 1243 torma,
1826 1183 1886 1248 qua
1905 1183 1982 1250 opus
2004 1165 2048 1230 sit
2067 1165 2132 1230 irn-

364 1284 493 1364 paranti,
515 1289 640 1364 monet,
653 1286 688 1354 rb
711 1286 778 1375 γὰρ
800 1281 897 1376 ἔργον
918 1284 1006 1354 ἐστὶν
1023 1285 1133 1363 ἅπλῶς
1162 1287 1219 1354 τοῦ
1240 1285 1478 1372 οἶρχινίκτονος,
1499 1283 1517 1352 ὃ
1538 1282 1573 1353 δὲ
1594 1285 1695 1373 λόγος
1714 1284 1913 1371 ἀρχινὲκνων
1933 1288 1975 1371 (v.
1999 1285 2038 1349 18
2059 1287 2129 1366 sq).

365 1401 426 1466 Ubi
443 1403 527 1470 enirn
547 1406 627 1470 ratio
650 1405 681 1491 (ὁ
701 1407 812 1494 λόγος)
831 1422 971 1471 summus
991 1404 1102 1470 artilex
1124 1409 1186 1482 est,
1216 1405 1276 1482 ibi,
1298 1405 1327 1468 si
1349 1403 1424 1487 quid
1445 1405 1541 1488 sapio,
1564 1421 1601 1468 er
1622 1404 1689 1469 eins
1711 1403 1809 1487 ipsine
1830 1405 1992 1488 praecipue
2014 1403 2130 1469 virtuto

365 1521 469 1586 omnia
490 1523 633 1606 pendent,
655 1526 764 1609 utpote
786 1543 846 1608 qua
866 1525 934 1589 sola
956 1523 1130 1608 praecipere
1153 1524 1245 1606 queat
1265 1541 1342 1606 quae
1364 1522 1403 1589 ad
1427 1539 1503 1606 opus
1525 1523 1696 1588 necessaria
1710 1523 1782 1587 sunt
1797 1523 1872 1589 bene
1893 1521 2128 1606 perficiendum:

366 1641 497 1708 secundo
525 1643 650 1710 demum
678 1645 762 1722 loco,
793 1661 865 1708 oum
892 1642 973 1708 nihil
1003 1643 1123 1728 prosint
1152 1643 1202 1708 vel
1232 1643 1351 1725 optima
1369 1644 1544 1727 praecepta,
1571 1641 1633 1707 nisi
1653 1643 1736 1708 recte
1759 1643 1803 1707 eis
1824 1643 2065 1725 obtemperetur,
2092 1661 2130 1705 aa

367 1777 487 1842 quoque
504 1763 603 1826 virtus
628 1761 830 1837 desideratur,
853 1779 930 1844 quaa
952 1762 984 1826 in
1005 1763 1093 1845 parto
1114 1761 1236 1827 animae
1257 1762 1355 1826 altera
1375 1761 1540 1838 invenitur,
1563 1761 1616 1826 ubi
1638 1761 1714 1826 baec
1734 1760 1845 1834 didicit
1863 1761 1997 1827 fideliter
2016 1761 2130 1826 rationi

367 1857 510 1946 oboedire
539 1882 664 1964 eiusque
691 1884 853 1964 praecepta
874 1881 991 1964 exequi
1035 1879 1123 1960 Quod
1151 1881 1180 1945 si
1200 1881 1247 1945 ita
1269 1882 1331 1958 est,
1355 1855 1397 1944 ¹er
1425 1879 1482 1944 illu
1509 1879 1741 1946 confirmatione
1771 1879 1856 1966 prins
1876 1881 2015 1962 sequitur
2036 1879 2130 1945 intel-

367 1999 531 2066 lectualem
552 1999 701 2065 virtutem
722 2001 755 2064 in
775 2017 821 2076 eo,
842 2000 895 2083 qui
916 1999 1058 2083 imperat,
1080 2000 1135 2064 aut
1153 1999 1219 2064 solo
1242 2000 1296 2064 aut
1320 2000 1402 2064 certe
1423 1999 1590 2082 perfectam
1612 1999 1645 2062 in
1660 2016 1696 2064 eo
1711 1997 1778 2063 solo
1792 1998 1893 2063 inesse
1914 1998 2023 2065 debere
2037 2017 2130 2082 quam

367 2119 479 2182 morali
500 2119 635 2202 perfecte
657 2137 728 2182 eum
749 2118 851 2182 solum
869 2136 930 2182 non
950 2135 1041 2201 posse
1062 2135 1172 2182 carere.
1202 2117 1329 2182 Testem
1348 2117 1421 2182 huic
1441 2118 1486 2182 rei
1506 2117 1641 2184 invitum
1656 2118 1718 2183 cito
1734 2119 1837 2202 ipsum
1859 2117 2128 2204 Bernaysinm‚

368 2236 556 2323 quippequi
577 2238 613 2301 ut
635 2255 672 2301 er
697 2235 754 2300 illa
773 2236 903 2301 alteram
925 2236 1029 2319 potius
1058 2235 1157 2301 solam
1185 2236 1432 2302 consecutionem
1458 2239 1652 2320 extorqueat,
1680 2237 1777 2302 bande
1803 2235 1942 2319 indigeat
1967 2237 2130 2303 verborum

369 2355 607 2439 supplendorum
632 2354 828 2438 ambagibus,
850 2357 886 2421 ut
906 2372 1019 2434 verear,
1046 2373 1085 2420 ne
1112 2355 1218 2420 fucum
1245 2355 1348 2440 magis
1376 2355 1483 2422 feeerit
1503 2374 1596 2439 quam
1626 2355 1808 2440 scriptoram
1828 2355 2048 2441 interpretatus
2068 2355 2129 2420 sit:

311 2557 313 2562 Δ
369 2473 468 2550 „deun
490 2474 561 2558 jede
588 2474 738 2559 Leistnng
765 2475 861 2559 htngt
886 2476 920 2539 in
948 2475 1030 2540 allen
1058 2475 1146 2540 ibren
1169 2475 1299 2540 Theilen
1325 2493 1384 2540 ron
1412 2475 1483 2540 dem
1509 2476 1650 2542 obersten
1672 2475 1802 2540 Meister
1823 2475 1876 2552 abr
1908 2475 1959 2540 dis
1979 2473 2130 2540 Vsrnunlt

369 2595 474 2672 „aber,
505 2593 533 2658 d.
556 2593 586 2658 h.
615 2594 837 2678 dasjsniga,
867 2582 942 2660 w'as
970 2595 1038 2658 den
1068 2595 1252 2661 Gabieter
1278 2613 1359 2660 zum
1388 2595 1572 2662 Gebieter
1592 2595 1735 2673 macbt,
1765 2596 1809 2660 ist
1828 2595 1965 2660 oberster
1984 2595 2128 2666 Meistsrr

369 2731 494 2792 „menn
514 2713 599 2778 also
621 2714 683 2778 die
704 2713 894 2798 Leistung
919 2714 1103 2798 galingsn
1131 2715 1224 2792 soll,
1251 2733 1291 2780 so
1321 2733 1424 2779 muse
1448 2714 1512 2780 der
1533 2715 1723 2780 Gebieter
1749 2714 1848 2778 nach
1871 2713 1975 2779 allen
1997 2713 2129 2778 Soitan

371 2831 460 2910 „den
487 2832 804 2916 Antorderungen
831 2833 896 2898 der
917 2831 1113 2898 Vernunlt
1139 2837 1329 2916 ganigsn,
1362 2823 1507 2898 mithio
1531 2834 1614 2899 sine
1642 2832 1916 2918 vollstaudigs
1943 2833 2129 2898 sittlicbe

371 2951 545 3034 „legend
576 2951 789 3017 besitzen“.
833 2950 874 3015 Et
901 2969 939 3016 ne
967 2953 1013 3016 sic
1039 2951 1165 3034 quidem
1191 2951 1271 3034 quod
1299 2951 1399 3017 voluit
1429 2954 1608 3018 consecutus
1633 2953 1695 3030 ost,
1724 2969 1797 3017 narn
1823 2952 1876 3034 qui
1902 2950 2064 3028 „omnibus
2093 2969 2130 3016 ex

368 3069 507 3154 partibus
527 3069 694 3154 postulatis
715 3069 844 3135 rationis
865 3069 1118 3149 satisfacit1‘,is,
1141 3070 1263 3154 opinor,
1289 3088 1349 3136 non
1376 3071 1526 3137 moralem
1554 3073 1677 3136 tanturn
1705 3071 1854 3136 virtutem
1883 3071 1992 3147 babet,
2023 3087 2131 3135 rerum

270 3222 273 3227 ·
370 3191 465 3256 stiam
486 3189 740 3256 intellectualem.
784 3187 849 3272 ago
874 3188 910 3252 ut
932 3189 1044 3271 spretis
1066 3187 1218 3254 eiusmodi
1244 3189 1387 3254 artificiis
1409 3207 1516 3254 sanam
1536 3207 1573 3254 ao
1606 3191 1779 3258 naturalem
1800 3191 2079 3266 ratiocinationem,
2113 3207 2132 3252 a

371 3328 430 3394 qua
453 3311 540 3376 tanto
569 3327 659 3394 opere
687 3309 892 3374 Aristotelem
921 3308 1059 3398 aberrare
1086 3308 1225 3392 potuisse
1253 3325 1314 3374 nou
1336 3307 1524 3372 adduceret
1545 3307 1683 3387 credam,
1713 3311 1775 3394 ipsi
1802 3309 1968 3376 Aristoteli
1995 3307 2131 3384 reddam

370 3429 489 3495 nullam
508 3429 604 3495 aliam
623 3428 714 3494 video
735 3425 903 3493 viamnisi
932 3443 1025 3508 quarn
1046 3427 1232 3492 monstravit
1258 3427 1453 3492 Thurotus
1483 3428 1584 3493 verbis
1606 3427 1655 3497 διὸ
1675 3465 1713 3479 -
1735 3429 1862 3514 adroic,
1888 3449 1917 3495 r.
1942 3428 2075 3503 17-20,
2097 3426 2132 3490 in

371 3548 481 3630 quibus
511 3547 714 3630 διανοηιιιιὴν
735 3563 790 3629 pro
813 3546 930 3628 latebo
951 3546 1098 3629 reposuit,
1123 3547 1195 3610 ante
1216 3547 1333 3632 ὁμοίως
1346 3565 1376 3611 v.
1394 3547 1443 3610 14.
1458 3547 1607 3624 traiectis,
1628 3565 1699 3612 cnm
1719 3550 1901 3633 praesertim
1916 3548 1991 3612 hacc
2010 3545 2134 3612 medela

370 3667 469 3732 lenior
496 3679 615 3749 quoqne
641 3665 684 3728 sit
710 3681 802 3746 quam
823 3663 880 3727 illa
903 3663 1158 3748 aBsrnaysio
1189 3664 1338 3732 adhibita.
1381 3664 1506 3731 Etenim
1540 3683 1726 3749 quamquam
1748 3667 1879 3732 minime
1900 3685 1952 3732 mc
1972 3665 2069 3742 fallit,
2098 3665 2134 3730 id

370 3786 451 3870 quod
472 3785 620 3851 fefellisse
642 3783 764 3850 ridetrrr
782 3781 1011 3859 Therotum,
1039 3783 1112 3848 buic
1136 3783 1329 3848 restitutioni
1350 3783 1574 3866 quodammodo
1596 3803 1764 3869 repugnare
1798 3803 1875 3868 quae
1901 3784 1938 3848 de
1969 3783 2135 3867 prudentia

283 3981 285 3988 Α
369 3907 548 3994 (φρονήσει)
569 3903 748 3970 moralibus.
769 3902 936 3968 virtutibus
965 3903 1117 3986 expressis
1144 3901 1246 3968 verbis
1275 3903 1417 3987 opposita
1438 3904 1583 3986 leguntur
1611 3903 1720 3982 111,4.
1745 3903 2018 3981 1277o‚25-30:
2045 3905 2064 3986 ἡ
2094 3903 2132 3972 δὲ

369 4026 524 4112 φρόνησις
549 4019 708 4111 ἄρχοντος
737 4017 815 4099 ἴδιος
840 4017 934 4107 ἆρονῆ
962 4021 1055 4107 μόνη.
1083 4021 1141 4098 τὰς
1167 4020 1236 4109 γὰρ
1265 4015 1369 4098 ἄλλοις
1395 4015 1497 4089 ἔοικεν
1527 4023 1715 4112 ἀναγκαῖον
1738 4017 1819 4090 εἶναι
1850 4021 1964 4102 κοινὰς
1989 4021 2047 4090 καὶ
2068 4024 2134 4089 τῶν

370 4146 562 4232 ἄρχομ’νων
573 4142 630 4212 καὶ
642 4145 705 4209 τῶν
716 4141 897 4226 ἀρχόντων,
909 4141 1096 4226 ἀρχομένου
1106 4139 1145 4208 δέ
1151 4169 1192 4226 γε
1208 4139 1272 4207 οὐκ
1283 4134 1370 4207 ἔστιν
1381 4138 1474 4226 ἀρετὴ
1486 4141 1651 4231 φρόνησις,
1673 4139 1758 4208 ἀλλὰ
1781 4142 1862 4226 δόξα
1881 4143 2014 4225 ἀληθής·
2025 4136 2134 4227 ὥσπερ

369 4262 437 4351 γὰρ
451 4260 623 4340 αὐλοποιὸς
642 4260 659 4328 ὅ
683 4261 876 4347 ἀρχόμενος,
887 4258 905 4326 ὃ
917 4258 944 4326 ὁθ
957 4252 1071 4345 ἅρχων
1090 4258 1228 4341 aerest,-
1238 4258 1257 4325 ὃ
1267 4260 1444 4346 χρώμενος,
1455 4261 1559 4326 tamen
1574 4259 1628 4325 ubi
1642 4261 1693 4325 vel
1706 4261 1813 4338 servia,
1827 4261 1940 4344 pueris,
1948 4259 2134 4326 mulieribus

368 4401 387 4446 a
408 4382 555 4465 scriptore
577 4380 754 4447 conceditur
780 4398 850 4464 pars
877 4378 999 4444 animae
1021 4376 1222 4443 deliberativa
1242 4353 1299 4462 (rb
1313 4377 1546 4465 pontecaralo),
1573 4377 1681 4443 ibina
1710 4379 1859 4444 virtutem
1886 4378 2012 4461 quidem
2038 4378 2134 4443 huius

368 4501 465 4586 partis
491 4500 535 4564 eis
563 4517 686 4583 prorsus
713 4499 859 4583 derogare
882 4498 981 4562 licuit.
1034 4495 1114 4579 llrgo
1141 4497 1174 4560 in
1204 4495 1305 4561 serbis
1333 4496 1438 4580 potius
1467 4497 1551 4562 inest
1578 4497 1780 4581 repugnantia
1808 4514 1901 4582 qnam
1925 4498 1959 4562 in
1986 4499 2054 4582 ipsa
2079 4516 2133 4561 re:

367 4621 500 4687 morales
513 4607 604 4682 'enim
625 4618 756 4682 virtutes
776 4618 808 4682 in
830 4617 1053 4701 imperantibus
1075 4617 1106 4680 et
1126 4617 1160 4680 in
1182 4615 1414 4681 oboedientibus
1435 4615 1542 4681 eodem
1557 4616 1690 4694 nornine,
1709 4617 1796 4683 velut
1816 4616 1975 4694 fortitudo,
1997 4616 2131 4695 iustitia,

367 4739 569 4824 appellantur,
592 4738 697 4801 contre
717 4734 939 4802 intellectualis
963 4735 996 4798 in
1024 4733 1090 4798 illis
1114 4733 1277 4817 prudentia
1299 4734 1488 4820 (φρόνησις),
1511 4736 1543 4800 in
1566 4737 1616 4801 his
1637 4737 1723 4800 recta
1743 4737 1846 4820 opinio
1869 4737 1963 4822 (δόξα
1984 4736 2133 4822 ἀληθής),

366 4860 439 4943 quia
458 4857 558 4923 multo
580 4856 682 4939 magis
701 4855 778 4919 haec
797 4856 836 4920 ab
858 4855 914 4919 illa
936 4871 1029 4936 quam
1051 4853 1186 4918 morales
1207 4852 1519 4935 obtemperantiuma
1538 4854 1709 4920 moralibus
1723 4854 1954 4920 dominantium
1971 4855 2132 4926 differunt:

365 4980 419 5046 sed
441 4978 533 5044 huius
548 4973 737 5040 discriminis
753 4975 817 5038 iam
839 4974 988 5058 inprime
1009 4973 1089 5038 libro
1111 4972 1373 5038 commemorandi
1395 4973 1480 5038 nulla
1500 4975 1636 5057 prolecto
1658 4992 1750 5040 cansa
1773 4976 1847 5039 erat
1892 4974 1976 5040 Tum
1995 4975 2132 5052 demum,

364 5103 392 5168 si
413 5117 474 5164 non
495 5097 532 5163 de
554 5092 621 5161 sola
638 5093 800 5179 prudentia
820 5093 898 5157 inda
920 5093 1041 5158 locutus
1065 5094 1147 5157 essct
1168 5093 1378 5176 philosophus,
1402 5094 1455 5160 sed
1477 5093 1720 5159 intellectualem
1742 5093 1892 5158 virtutem
1910 5113 2033 5160 omnem
2055 5095 2131 5161 sub-

362 5220 453 5287 iectis
474 5213 690 5292 abiudieasset,
723 5213 826 5277 locum
848 5229 953 5293 reapse
974 5211 1084 5275 habere
1107 5229 1166 5276 non
1187 5211 1294 5293 posset
1319 5211 1467 5278 correctio
1488 5212 1692 5277 Tburotiana:
1710 5214 1744 5276 at
1766 5213 1957 5278 econtrario
1979 5213 2133 5280 virtutem
