4610 5840
1080 341 1329 416 ..14-

332 557 389 628 καί
408 557 518 628 monio
539 555 574 626 et
594 554 791 644 βηρευτικόν
813 553 939 638 συνῆψε
959 551 1149 632 κοινωνίαν,
1173 549 1255 622 ὅστε
1274 555 1304 622 oi
1323 551 1384 641 priv
1403 554 1544 642 διόμενοι
1565 557 1812 642 παρακαλοῦσιν
1841 555 1888 625 ixi
1909 559 2032 646 θήραν,
2056 589 2075 628 ο

330 674 366 746 di
387 677 432 764 μὴ
458 674 555 754 αὐτὸς
580 674 751 760 σχολάζων
779 673 876 756 ἦδίως
902 672 1062 760 iunium·
1084 668 1141 741 καί
1166 667 1269 751 imre
1292 670 1327 741 di
1348 670 1503 750 ὡσαύτως
1522 674 1680 758 prodierat,
1700 672 1719 740 b
1743 673 1811 762 γὰρ
1838 674 2028 760 ἀσθενήσας
2055 672 2074 760 ἢ

331 793 453 880 δεηθείς
473 794 636 882 ὀχήματος
661 785 681 875 ἢ
703 791 790 876 ταχύ
814 817 865 860 τοι
885 793 1051 878 βουληθείς
1072 789 1268 876 dependebat,
1294 783 1335 873 ἤν
1356 817 1419 858 κου
1440 785 1491 879 ίδῃ
1510 786 1604 860 im
1624 784 1719 876 ὄντα,
1742 791 1852 880 λαβὼν
1870 791 1928 862 καί
1952 799 2075 884 mnd-

329 943 425 1003 μενος
444 915 553 992 καλοῖς
571 910 844 996 ἀκοκοβίστησιν·
868 912 908 979 οὐ
934 907 999 997 μὴν
1023 909 1090 978 οὐδ
1113 908 1215 978 ἐκεῖνό
1239 937 1279 998 γε
1305 911 1393 998 παρὰ
1421 915 1485 988 τοῖς
1511 902 1620 986 ἄλλοις
1640 909 1825 997 είβισμίνον
1846 911 1991 996 ἐποίησεν
2011 915 2072 984 izr-

331 1034 535 1117 τηδαίεσξιαι·
557 1025 637 1099 ὅπου
656 1030 723 1118 γὰρ
744 1022 788 1096 do
808 1025 869 1096 dxi
889 1029 994 1114 βίςας
1008 1027 1197 1110 ιἰψισβίντες
1214 1027 1354 1110 δεηὲῶσι
1372 1028 1435 1094 τῶν
1454 1024 1641 1110 ἐπιτηδείων,
1664 1018 1762 1112 ἦνμὴ
1777 1033 2072 1118 συνεσκευασμένοι

332 1153 473 1238 τύχωσι,
493 1149 550 1220 καί
571 1149 716 1225 ἐνταῦθα
737 1142 834 1231 ’ἔθηκε
855 1144 929 1224 τοὺς
947 1142 1008 1233 μὶν
1029 1145 1227 1234 κετοιμίνους
1244 1143 1444 1214 καταλείπειν
1465 1141 1505 1212 τὰ
1526 1145 1733 1231 mumolum,
1760 1145 1833 1226 τοὺς
1852 1145 1887 1217 di
1906 1150 2075 1236 δεομένους

333 1270 524 1356 ἀνοίξαντας
550 1267 590 1335 τὰ
622 1265 806 1354 σήμαντροι,
831 1263 990 1351 λαβόντας
1016 1259 1104 1332 ὅσων
1126 1257 1171 1332 ἂν
1195 1264 1327 1334 δίωνται
1351 1262 1596 1354 στμιηναμίνους
1616 1271 1820 1350 καταλιπεῖν,
1847 1277 1918 1350 pont
1940 1269 2073 1354 ἐφοδίων

332 1391 534 1455 inaerendum
564 1407 635 1452 erae
667 1385 790 1449 conruit
816 1380 954 1467 ταμείοις
985 1386 1035 1446 rei
1060 1381 1207 1470 ταμιείας.
1249 1385 1291 1446 nt
1317 1383 1518 1446 Piutaroitom
1549 1404 1588 1447 ox
1618 1385 1680 1447 boe
1707 1388 1886 1450 Ariatoteiia
1916 1390 1987 1452 iooo
2019 1410 2075 1454 aua

334 1512 475 1574 bauaime
500 1527 564 1570 non
591 1506 730 1568 adducor
755 1510 790 1565 ut
812 1504 952 1579 oredam,
980 1505 1187 1582 nequeenim
1210 1510 1297 1565 taum
1318 1511 1367 1565 eat
1387 1504 1551 1564 verborum
1575 1503 1750 1567 similitudo
1773 1525 1876 1586 neque
1903 1508 1977 1570 aiibi
1999 1509 2076 1573 Piu-

333 1631 460 1694 tarebue
481 1629 550 1708 ipse
570 1626 694 1686 videtur
713 1623 893 1687 Ariototeiia
916 1623 1012 1684 iibror
1034 1631 1160 1702 praeter
1179 1622 1373 1702 problemata
1394 1619 1635 1706 taaponoav).
1664 1623 1691 1684 ai
1712 1645 1785 1687 vero
1812 1626 1891 1688 aiior
1912 1636 1962 1690 ert
1982 1629 2077 1692 inrti-

335 1757 438 1810 tonum
457 1745 699 1819 Laennimrnm,
722 1743 775 1823 qui
790 1742 846 1803 nub
867 1741 935 1804 eiua
957 1742 1085 1804 nomine
1102 1742 1192 1818 iatet,
1215 1736 1416 1826 εοείρεοτῑί),
1434 1747 1538 1802 umen
1556 1744 1715 1805 reeordari
1729 1751 1855 1824 oportet
1876 1764 1965 1824 quam
1980 1767 2077 1828 pauoa

336 1865 462 1928 omniuo
487 1865 554 1926 aiut
579 1863 728 1924 lectorum
751 1860 931 1924 Aristotelia
955 1859 1153 1942 politicorum
1179 1880 1239 1940 per
1264 1867 1360 1922 totam
1383 1860 1601 1941 antiquitatem
1624 1861 1772 1941 remigia,
1793 1862 1826 1922 id
1858 1866 1940 1943 quod
1972 1867 2078 1930 doooit

337 1977 649 2067 Spengettusw).
692 1979 860 2042 Praeterea
886 1979 1058 2041 amoienta
1078 1979 1269 2040 abundantia
1289 1975 1324 2042 iv
1346 1981 1410 2054 τοῖς
1431 1974 1546 2064 α’γςοῒς
1572 1972 1657 2043 κατὰ
1677 1973 1733 2057 τὴν
1754 1976 1885 2064 χώραν,
1915 2003 1994 2063 quae
2013 2005 2076 2048 non

337 2105 407 2167 nine
429 2120 521 2164 eaura
542 2099 676 2162 oii'endit
699 2095 1010 2174 Onekenium¹⁹)‚
1030 2098 1092 2158 hoo
1114 2097 1302 2158 emendandi
1322 2101 1437 2158 oonatu
1458 2096 1545 2158 iocur
1566 2114 1629 2158 non
1652 2097 1814 2161 liberatur.
1856 2101 1954 2179 Quam
1975 2112 2079 2166 autem

337 2224 416 2285 dam
434 2222 472 2283 ad
493 2220 574 2281 bano
595 2219 745 2279 maculam
767 2216 931 2278 eluendum
952 2216 1113 2296 ingressor
1134 2220 1184 2278 ert
1204 2215 1266 2276 irte
1287 2215 1335 2276 vir
1355 2215 1467 2276 doetun
1486 2213 1522 2280 ἐν
1543 2216 1777 2297 praepoaitiooe
1797 2217 1927 2296 omina.
1948 2241 2015 2284 eam
2036 2244 2077 2288 ne

337 2345 407 2422 ipre
433 2339 576 2420 quidem.
606 2344 643 2399 ut
668 2336 807 2411 videtur.
838 2335 908 2396 nine
935 2333 1066 2415 quadam
1092 2332 1300 2395 haesitatione
1328 2339 1378 2394 ent
1402 2339 1600 2413 parmenion.
1632 2354 1702 2396 eum
1729 2335 1866 2414 diceret,
1899 2358 1992 2420 porte
2020 2363 2078 2424 pro

338 2455 487 2544 ταμιείοις
505 2475 532 2518 ε.
550 2454 674 2516 borreia
694 2453 758 2514 iiiio
781 2454 866 2534 ipaor
886 2471 978 2533 agroa
999 2453 1090 2532 poni,
1118 2471 1136 2514 e
1157 2452 1268 2530 quibur
1291 2451 1404 2513 borrea
1425 2451 1628 2532 explerentur
1649 2460 1682 2514 et
1702 2456 1996 2538 suppeditarentur,
2022 2465 2077 2525 aed

340 2578 467 2641 omnino
486 2575 622 2636 fontanae
642 2570 897 2635 Lacedaemoniir
917 2571 1044 2633 iieuime
1072 2571 1104 2632 in
1127 2571 1260 2646 itinere,
1287 2589 1350 2631 non
1372 2571 1404 2631 in
1433 2570 1499 2630 noio
1522 2571 1686 2633 venatione
1713 2573 1825 2636 oinium
1846 2594 1972 2640 anorum
1996 2583 2080 2662 agria

341 2696 566 2778 quadamtenus
595 2692 682 2771 quari
717 2693 781 2753 noia
809 2691 864 2754 uti.
910 2689 1028 2753 iovitna
1057 2691 1156 2770 igitur
1184 2690 1252 2772 ipae
1274 2689 1500 2770 quodammodo
1533 2688 1696 2751 eonferrua
1722 2701 1788 2766 eat.
1823 2694 1915 2758 nimia
1937 2700 2081 2764 nniverte

341 2815 458 2877 dietum
477 2811 547 2872 iore
568 2806 691 2896 ἀγροῖς,
714 2809 741 2870 ri
762 2809 889 2890 quidem
909 2827 974 2870 non
995 2807 1035 2870 de
1055 2809 1154 2888 agria,
1175 2808 1231 2870 aed
1252 2808 1291 2870 de
1311 2806 1466 2869 inuetibua
1488 2827 1633 2889 agrorum
1653 2828 1756 2889 neque
1777 2812 1817 2873 de
1839 2813 1884 2875 eia
1905 2815 1996 2893 tolia.
2025 2821 2079 2882 aed

342 2934 437 2998 etiam
452 2931 492 2992 de
513 2928 584 2990 aiiir
599 2928 756 2990 aiimentia
771 2928 802 2988 iu
818 2927 873 2988 taii
889 2947 924 2988 re
937 2946 1112 2990 termonem
1134 2947 1204 2989 eoae
1224 2945 1355 2988 neeeme
1369 2934 1426 2992 eat.
1469 2928 1600 2992 Aooedit
1621 2935 1665 3000 ut.
1689 2930 1770 3009 quod
1786 2930 1896 2994 deeora
1912 2953 1973 2998 non
1990 2955 2081 3016 porra

341 3053 466 3115 videtur
485 3046 699 3110 Leutaebio
722 3045 1018 3123 unctumque,
1039 3045 1100 3106 inno
1120 3043 1265 3124 proieoto
1285 3044 1413 3107 minime
1435 3043 1527 3122 derit,
1549 3047 1576 3108 ri
1590 3045 1715 3126 quidem
1735 3047 1814 3110 iliud
1837 3040 1903 3115 κᾶν
1924 3053 2081 3136 δεηθῶσιν

343 3161 478 3252 ίφοδίων
502 3183 560 3247 pro
581 3159 638 3230 troi
662 3156 752 3230 ὅσων
776 3161 817 3247 (ε.
843 3150 904 3248 ὧν)
929 3151 974 3228 ἂν
998 3159 1157 3242 δεηθεῖσιν
1183 3156 1319 3244 ίφοδίων
1344 3163 1479 3244 potitum
1508 3164 1679 3240 obiectum,
1711 3185 1771 3246 quo
1797 3169 1845 3229 uti
1873 3169 1993 3235 linitum
2020 3182 2080 3252 eut,

343 3289 574 3369 repraeaentat‚
611 3302 702 3364 quem
728 3281 878 3362 loquendi
910 3299 999 3342 naum
1026 3280 1177 3360 exemptio
1207 3279 1364 3342 iiiurtrara
1399 3298 1661 3360 auperraoaneum
1693 3293 1751 3346 ert.
1794 3286 1858 3348 Noa
1889 3308 2012 3371 qnoque
2038 3293 2082 3355 ita

344 3408 475 3470 dieimnr
503 3403 591 3480 „und
616 3420 707 3464 wenn
734 3401 781 3463 rie
808 3405 887 3462 etwa
917 3399 974 3460 der
1002 3398 1156 3480 Zebrung
1185 3397 1363 3460 beditri'en‘*
1394 3415 1452 3478 pro
1481 3399 1568 3474 „uod
1596 3421 1658 3463 war
1686 3403 1732 3465 aie
1759 3411 1838 3466 etoa
1864 3427 1903 3469 an
1933 3408 2084 3492 Zehrong

342 3525 531 3594 tedonem.
574 3520 779 3600 Quamobrem
795 3516 1029 3579 lineebeieri
1051 3516 1156 3595 potina
1175 3517 1333 3596 egregiam
1355 3515 1565 3581 coniecturam
1579 3515 1710 3605 >ipen
1729 3541 1786 3602 pro
1800 3521 1915 3610 χώραν
1938 3531 2084 3611 amplecti

343 3667 406 3711 non
427 3641 640 3706 dubitaverim.
922 3633 927 3644 ¹

509 3759 621 3821 Obiter
646 3775 758 3819 moneo
784 3774 834 3817 mo
859 3754 981 3815 neoeire
1008 3772 1064 3814 our
1091 3753 1285 3816 recentiore·
1313 3751 1428 3831 midi,
1457 3754 1478 3817 6
1503 3755 1671 3820 ieotiouem
1696 3778 1716 3819 a
1737 3758 1895 3824 Guilelmo
1917 3772 1950 3826 et
1969 3787 2018 3846 pr.
2039 3767 2083 3830 P¹

344 3883 478 3948 obiatam
493 3874 616 3960 ἑτέροις,
637 3895 715 3955 quae
729 3873 840 3935 merito
855 3872 974 3952 piaouit
988 3871 1231 3952 SepuIvedae
1250 3879 1284 3934 at
1299 3870 1586 3949 Μοοοεοεῑίοο,
1609 3877 1798 3958 rerpuerint.
1821 3899 1890 3942 oum
1906 3883 1983 3946 mibi
1997 3893 2084 3950 oerte

344 3999 446 4088 φίλοις
467 3997 561 4060 etiam
585 3993 699 4077 ἑταῖροι
719 3990 945 4072 eomprebeodi
966 3990 1147 4066 rideantur,
1169 4008 1272 4070 neque
1292 3991 1394 4053 minua
1414 4001 1502 4055 reete
1524 3995 1557 4054 in
1576 4003 1709 4076 utroque
1734 3995 1825 4059 ioote
1847 3999 1990 4064 omiaram
2016 4023 2086 4068 eaae

344 4120 386 4188 οὐ
404 4116 606 4199 negationem
619 4118 692 4174 ante
706 4106 876 4195 συμβαίνει
894 4109 1011 4170 ibidem
1032 4108 1054 4170 i.
1068 4105 1099 4183 7.
1120 4107 1153 4169 id
1172 4108 1254 4188 quod
1268 4108 1449 4172 Viotorio
1470 4129 1593 4192 quoque
1612 4119 1706 4192 atque
1720 4113 1967 4182 Sebneidero
1987 4123 2086 4186 vinum

346 4249 405 4305 ert.
447 4239 638 4316 Quamquam
659 4229 743 4292 enim
765 4227 1053 4290 Schneiderum
1074 4226 1202 4289 minimo
1222 4247 1338 4308 aequor
1357 4231 1525 4309 negatione
1546 4237 1674 4312 recepta
1688 4250 1746 4312 pro
1767 4231 1851 4315 τιδὴ
1866 4237 2087 4306 adventatium

345 4357 529 4442 particulam
551 4348 585 4420 bi
607 4348 757 4432 portuiari
780 4346 1034 4420 contendentem,
1055 4350 1159 4408 tamen
1180 4344 1212 4410 oi
1228 4341 1302 4411 λίαν
1323 4337 1358 4411 io
1379 4345 1540 4423 ποιοῦντες
1553 4344 1610 4429 τὴν
1629 4347 1787 4418 πολιτείαν
1806 4355 1857 4416 vix
1870 4373 1940 4418 eane
1955 4370 2089 4441 ponannt

347 4477 482 4542 eivitatia
492 4471 672 4535 Platonicae
693 4467 782 4542 roeii.
804 4466 859 4529 aed
877 4466 947 4547 ipre
968 4470 1089 4526 tantum
1104 4463 1204 4540 Plato,
1227 4465 1294 4526 eiua
1316 4464 1472 4538 eonditor,
1493 4465 1544 4528 eni
1566 4467 1701 4530 obicitur
1712 4469 1796 4533 idem
1816 4473 1894 4536 iliud
1906 4471 1981 4540 λίαν
1994 4475 2089 4542 ἑνοῦν

345 4600 446 4678 ςηιιῖν
465 4586 582 4662 molt.
603 4585 645 4649 10
666 4607 729 4668 aq..
750 4586 784 4647 in
807 4604 899 4666 qoem
919 4591 1024 4646 tamen
1042 4583 1104 4646 hoo
1127 4577 1168 4648 οὐ
1188 4578 1358 4668 συμβαίνει
1380 4603 1444 4646 non
1466 4584 1618 4662 quadrare
1638 4585 1709 4647 iuee
1728 4587 1872 4668 proiecto
1894 4593 2008 4658 eiarioa
2030 4605 2088 4660 eat.

350 4753 766 4778 ..--—--——--

514 4857 560 4923 to)
577 4855 617 4908 Oi.
635 4870 700 4922 qnae
719 4853 819 4922 reriprit
834 4850 982 4904 Heitaiur
1001 4849 1051 4900 Dia
1066 4849 1212 4902 verioranen
1230 4849 1357 4904 murium
1374 4852 1418 4906 der
1434 4852 1592 4916 Ariatoteier,
1610 4853 1680 4920 nipe
1703 4860 1776 4908 1888.
1794 4875 1819 4926 p.
1839 4865 1887 4913 118
1902 4877 1940 4929 aq.

513 4942 559 5008 nt)
577 4941 636 5004 Qua
653 4940 684 4990 de
700 4953 728 4990 re
745 4937 777 4989 ei.
795 4935 942 4989 'frieberi
960 4935 1073 4998 Qnaeatt.
1092 4934 1154 4986 Lae.
1172 4933 1203 4990 Ρ.
1222 4935 1244 4987 1.
1262 4936 1304 4990 De
1320 4936 1419 4990 iiiooiai
1437 4937 1589 4991 Dammoani
1606 4939 1747 5006 Laeonioia,
1763 4942 1850 4997 Baroi.
1869 4949 1942 4999 1887.
1959 4965 1985 5016 p.
2007 4955 2049 5001 48.

514 5025 724 5095 88)11ε8οε81ε
746 5022 841 5074 Politik
863 5023 907 5074 dea
930 5021 1088 5083 Ariatoteiea,
1110 5021 1137 5072 in
1154 5031 1296 5074 nommontt.
1320 5024 1382 5091 pbii.
1406 5026 1480 5077 aoad.
1502 5025 1606 5079 Μοοεο.
1624 5027 1659 5080 V.
1682 5043 1708 5095 p.
1727 5035 1768 5080 44.
1792 5045 1818 5080 n.
1836 5035 1878 5083 88.
1901 5033 2092 5088 Ariatoteiiaoba

348 5123 452 5176 dtndiao
467 5117 513 5179 11..
530 5113 649 5166 Monaeb.
672 5115 744 5163 1888.
762 5124 787 5175 p
806 5113 839 5159 48
857 5124 894 5174 rq.
911 5123 936 5176 p.
956 5110 997 5160 87.
1015 5121 1041 5159 n.
1059 5113 1083 5158 4.
1102 5123 1127 5174 p.
1147 5110 1188 5159 tt.
1205 5123 1230 5159 n.
1251 5113 1274 5160 1.
1292 5111 1331 5178 (in
1348 5112 1440 5164 eiadem
1457 5127 1547 5164 comm
1564 5112 1599 5166 X.
1617 5129 1642 5180 p.
1662 5118 1710 5167 887
1729 5130 1767 5180 ις.
1785 5120 1844 5167 oto.
1865 5118 1938 5185 888).

512 5201 560 5268 εν)
577 5197 787 5252 numdadmon
801 5194 828 5245 1ο
845 5193 988 5246 mmmmm
1005 5193 1097 5245 titbiea
1112 5191 1283 5248 Nicomacho
1302 5204 1327 5249 ει
1344 5197 1412 5249 Pom
1422 5214 1453 5250 ea
1469 5213 1535 5265 rpoe
1548 5198 1579 5261 1..
1597 5199 1713 5252 flodoin.
1734 5203 1808 5253 1881.
1826 5218 1851 5267 p.
1870 5207 1977 5256 εε..εε.
