<?xml version="1.0" encoding="UTF-8"?>
<!DOCTYPE html PUBLIC "-//W3C//DTD XHTML 1.0 Transitional//EN"
    "http://www.w3.org/TR/xhtml1/DTD/xhtml1-transitional.dtd">
<html xmlns="http://www.w3.org/1999/xhtml" xml:lang="en" lang="en">
 <head>
  <title>
</title>
<meta http-equiv="Content-Type" content="text/html;charset=utf-8" />
  <meta name='ocr-system' content='tesseract 3.04.00' />
  <meta name='ocr-capabilities' content='ocr_page ocr_carea ocr_par ocr_line ocrx_word'/>
</head>
<body>
  <div class='ocr_page' id='page_1' title='image "./dearistotelispo01susegoog_0170.png"; bbox 0 0 4684 5830; ppageno 0'>
   <div class='ocr_carea' id='block_1_1' title="bbox 1022 367 1251 444">
    <p class='ocr_par' dir='ltr' id='par_1_1' title="bbox 1022 367 1251 444">
     <span class='ocr_line' id='line_1_1' title="bbox 1022 367 1251 444; baseline 0 -21"><span class='ocrx_word' id='word_1_1' title='bbox 1022 367 1251 444; x_wconf 73' lang='grc'>..7-</span> 
     </span>
    </p>
   </div>
   <div class='ocr_carea' id='block_1_2' title="bbox 248 577 2071 4467">
    <p class='ocr_par' dir='ltr' id='par_1_2' title="bbox 250 577 2016 2331">
     <span class='ocr_line' id='line_1_2' title="bbox 422 577 2016 665; baseline -0.003 -19"><span class='ocrx_word' id='word_1_2' title='bbox 422 583 520 649; x_wconf 88' lang='lat' dir='ltr'><strong>Paulo</strong></span> <span class='ocrx_word' id='word_1_3' title='bbox 541 583 633 648; x_wconf 87' lang='lat' dir='ltr'><strong>aliter</strong></span> <span class='ocrx_word' id='word_1_4' title='bbox 652 581 851 648; x_wconf 86' lang='lat' dir='ltr'><strong>indicandum</strong></span> <span class='ocrx_word' id='word_1_5' title='bbox 872 583 922 647; x_wconf 90' lang='lat' dir='ltr'><strong>est</strong></span> <span class='ocrx_word' id='word_1_6' title='bbox 942 581 980 646; x_wconf 91' lang='lat' dir='ltr'><strong>de</strong></span> <span class='ocrx_word' id='word_1_7' title='bbox 1001 581 1102 647; x_wconf 86' lang='lat' dir='ltr'><strong>uerbis</strong></span> <span class='ocrx_word' id='word_1_8' title='bbox 1124 581 1235 665; x_wconf 86' lang='lat' dir='ltr'><strong>capitis</strong></span> <span class='ocrx_word' id='word_1_9' title='bbox 1256 582 1363 658; x_wconf 88' lang='lat' dir='ltr'><strong>noni,</strong></span> <span class='ocrx_word' id='word_1_10' title='bbox 1393 579 1504 661; x_wconf 90' lang='lat' dir='ltr'><strong>quibus</strong></span> <span class='ocrx_word' id='word_1_11' title='bbox 1525 578 1711 644; x_wconf 84' lang='lat' dir='ltr'><strong>Aristoteles</strong></span> <span class='ocrx_word' id='word_1_12' title='bbox 1732 580 1884 645; x_wconf 88' lang='lat' dir='ltr'><strong>rationem</strong></span> <span class='ocrx_word' id='word_1_13' title='bbox 1905 577 2016 656; x_wconf 88' lang='lat' dir='ltr'><strong>reddit,</strong></span> 
     </span>
     <span class='ocr_line' id='line_1_3' title="bbox 255 696 2016 783; baseline 0 -19"><span class='ocrx_word' id='word_1_14' title='bbox 255 717 310 764; x_wconf 91' lang='lat' dir='ltr'><strong>cur</strong></span> <span class='ocrx_word' id='word_1_15' title='bbox 330 699 364 764; x_wconf 91' lang='lat' dir='ltr'><strong>in</strong></span> <span class='ocrx_word' id='word_1_16' title='bbox 383 701 485 783; x_wconf 90' lang='lat' dir='ltr'><strong>prima</strong></span> <span class='ocrx_word' id='word_1_17' title='bbox 523 702 538 766; x_wconf 94' lang='lat' dir='ltr'><strong>t</strong></span> <span class='ocrx_word' id='word_1_18' title='bbox 559 701 691 766; x_wconf 90' lang='lat' dir='ltr'><strong>minima</strong></span> <span class='ocrx_word' id='word_1_19' title='bbox 711 700 869 778; x_wconf 87' lang='lat' dir='ltr'><strong>societate,</strong></span> <span class='ocrx_word' id='word_1_20' title='bbox 889 699 950 764; x_wconf 87' lang='lat' dir='ltr'><strong>lroc</strong></span> <span class='ocrx_word' id='word_1_21' title='bbox 970 700 1018 764; x_wconf 88' lang='lat' dir='ltr'><strong>est</strong></span> <span class='ocrx_word' id='word_1_22' title='bbox 1039 698 1072 763; x_wconf 92' lang='lat' dir='ltr'><strong>in</strong></span> <span class='ocrx_word' id='word_1_23' title='bbox 1092 696 1194 778; x_wconf 89' lang='lat' dir='ltr'><strong>domo,</strong></span> <span class='ocrx_word' id='word_1_24' title='bbox 1214 698 1365 765; x_wconf 90' lang='lat' dir='ltr'><strong>mercium</strong></span> <span class='ocrx_word' id='word_1_25' title='bbox 1390 697 1627 782; x_wconf 79' lang='lat' dir='ltr'><strong>permutationis</strong></span> <span class='ocrx_word' id='word_1_26' title='bbox 1648 697 1784 764; x_wconf 91' lang='lat' dir='ltr'><strong>nondum</strong></span> <span class='ocrx_word' id='word_1_27' title='bbox 1805 697 1891 763; x_wconf 88' lang='lat' dir='ltr'><strong>locus</strong></span> <span class='ocrx_word' id='word_1_28' title='bbox 1913 698 2016 776; x_wconf 83' lang='lat' dir='ltr'><strong>luerit,</strong></span> 
     </span>
     <span class='ocr_line' id='line_1_4' title="bbox 255 793 2016 906; baseline 0.001 -24"><span class='ocrx_word' id='word_1_29' title='bbox 255 817 309 883; x_wconf 79' lang='lat' dir='ltr'><strong>sed</strong></span> <span class='ocrx_word' id='word_1_30' title='bbox 330 819 364 882; x_wconf 86' lang='lat' dir='ltr'><strong>in</strong></span> <span class='ocrx_word' id='word_1_31' title='bbox 384 793 586 903; x_wconf 68' lang='lat' dir='ltr'><strong>amplioribus</strong></span> <span class='ocrx_word' id='word_1_32' title='bbox 607 818 732 885; x_wconf 78' lang='lat' dir='ltr'><strong>domum</strong></span> <span class='ocrx_word' id='word_1_33' title='bbox 746 838 783 885; x_wconf 78' lang='lat' dir='ltr'><strong>ex</strong></span> <span class='ocrx_word' id='word_1_34' title='bbox 797 837 833 885; x_wconf 76' lang='lat'><strong>08</strong></span> <span class='ocrx_word' id='word_1_35' title='bbox 852 818 976 896; x_wconf 76' lang='lat' dir='ltr'><strong>exortis</strong></span> <span class='ocrx_word' id='word_1_36' title='bbox 997 813 1029 884; x_wconf 69' lang='grc' dir='ltr'><strong>οἳ</strong></span> <span class='ocrx_word' id='word_1_37' title='bbox 1048 815 1109 905; x_wconf 56' lang='grc' dir='ltr'><strong>μὲν</strong></span> <span class='ocrx_word' id='word_1_38' title='bbox 1124 819 1192 906; x_wconf 78' lang='grc' dir='ltr'><strong>γὰρ</strong></span> <span class='ocrx_word' id='word_1_39' title='bbox 1214 819 1278 885; x_wconf 75' lang='grc' dir='ltr'><strong><em>τῶν</em></strong></span> <span class='ocrx_word' id='word_1_40' title='bbox 1299 817 1407 886; x_wconf 74' lang='grc' dir='ltr'><strong><em>αὖτόν</em></strong></span> <span class='ocrx_word' id='word_1_41' title='bbox 1428 817 1623 886; x_wconf 70' lang='grc' dir='ltr'><strong><em>ἐκοινώνουν</em></strong></span> <span class='ocrx_word' id='word_1_42' title='bbox 1643 817 1783 901; x_wconf 74' lang='grc' dir='ltr'><strong><em>πάντων,</em></strong></span> <span class='ocrx_word' id='word_1_43' title='bbox 1803 819 1834 885; x_wconf 78' lang='grc' dir='ltr'><strong>οἱ</strong></span> <span class='ocrx_word' id='word_1_44' title='bbox 1856 815 1890 884; x_wconf 78' lang='lat' dir='ltr'><strong>dl</strong></span> <span class='ocrx_word' id='word_1_45' title='bbox 1911 845 2016 901; x_wconf 76' lang='grc' dir='ltr'><strong><em>κοχω·</em></strong></span> 
     </span>
     <span class='ocr_line' id='line_1_5' title="bbox 254 934 2016 1024; baseline -0.003 -20"><span class='ocrx_word' id='word_1_46' title='bbox 254 937 398 1024; x_wconf 64' lang='lat' dir='ltr'><strong>propians</strong></span> <span class='ocrx_word' id='word_1_47' title='bbox 419 939 544 1006; x_wconf 72' lang='grc' dir='ltr'><strong><em>πολλῶν</em></strong></span> <span class='ocrx_word' id='word_1_48' title='bbox 565 937 662 1006; x_wconf 75' lang='grc' dir='ltr'><strong><em>πάλιν</em></strong></span> <span class='ocrx_word' id='word_1_49' title='bbox 687 936 746 1006; x_wconf 73' lang='grc' dir='ltr'><strong>καὶ</strong></span> <span class='ocrx_word' id='word_1_50' title='bbox 766 937 890 1024; x_wconf 70' lang='grc' dir='ltr'><strong><em>ἑτέρον,</em></strong></span> <span class='ocrx_word' id='word_1_51' title='bbox 914 936 1024 1014; x_wconf 85' lang='grc' dir='ltr'><strong><em>1257ο,</em></strong></span> <span class='ocrx_word' id='word_1_52' title='bbox 1046 937 1195 1015; x_wconf 84' lang='grc'><strong>21-23,</strong></span> <span class='ocrx_word' id='word_1_53' title='bbox 1224 935 1370 1018; x_wconf 87' lang='lat' dir='ltr'><strong>qnoniam</strong></span> <span class='ocrx_word' id='word_1_54' title='bbox 1390 937 1434 1002; x_wconf 90' lang='lat' dir='ltr'><strong>ibi</strong></span> <span class='ocrx_word' id='word_1_55' title='bbox 1462 936 1544 1002; x_wconf 91' lang='lat' dir='ltr'><strong>haud</strong></span> <span class='ocrx_word' id='word_1_56' title='bbox 1565 953 1637 1002; x_wconf 85' lang='lat' dir='ltr'><strong>sane</strong></span> <span class='ocrx_word' id='word_1_57' title='bbox 1659 934 1803 1022; x_wconf 91' lang='lat' dir='ltr'><strong>displicet</strong></span> <span class='ocrx_word' id='word_1_58' title='bbox 1823 935 2016 1020; x_wconf 85' lang='lat' dir='ltr'><strong>Beruaysi</strong></span> 
     </span>
     <span class='ocr_line' id='line_1_6' title="bbox 254 1051 2014 1144; baseline -0.002 -24"><span class='ocrx_word' id='word_1_59' title='bbox 254 1053 429 1121; x_wconf 87' lang='lat' dir='ltr'><strong>coniectura</strong></span> <span class='ocrx_word' id='word_1_60' title='bbox 453 1051 628 1144; x_wconf 78' lang='grc' dir='ltr'><strong><em>&lt;ἕτιροι&gt;</em></strong></span> <span class='ocrx_word' id='word_1_61' title='bbox 654 1055 780 1143; x_wconf 75' lang='grc' dir='ltr'><strong><em>ἑτέρονι</em></strong></span> <span class='ocrx_word' id='word_1_62' title='bbox 802 1055 884 1138; x_wconf 89' lang='lat' dir='ltr'><strong>quod</strong></span> <span class='ocrx_word' id='word_1_63' title='bbox 897 1073 968 1122; x_wconf 83' lang='lat' dir='ltr'><strong>vero</strong></span> <span class='ocrx_word' id='word_1_64' title='bbox 984 1055 1126 1136; x_wconf 73' lang='grc' dir='ltr'><strong><em>ἐδέοντο,</em></strong></span> <span class='ocrx_word' id='word_1_65' title='bbox 1150 1057 1231 1140; x_wconf 90' lang='lat' dir='ltr'><strong>quod</strong></span> <span class='ocrx_word' id='word_1_66' title='bbox 1253 1055 1532 1134; x_wconf 85' lang='lat' dir='ltr'><strong>Schneiderus‚</strong></span> <span class='ocrx_word' id='word_1_67' title='bbox 1554 1053 1773 1141; x_wconf 65' lang='lat' dir='ltr'><strong>veliniquos,</strong></span> <span class='ocrx_word' id='word_1_68' title='bbox 1794 1054 1876 1137; x_wconf 90' lang='lat' dir='ltr'><strong>qnod</strong></span> <span class='ocrx_word' id='word_1_69' title='bbox 1897 1054 2014 1118; x_wconf 82' lang='lat' dir='ltr'><strong>Maur.</strong></span> 
     </span>
     <span class='ocr_line' id='line_1_7' title="bbox 254 1165 2015 1255; baseline -0.002 -17"><span class='ocrx_word' id='word_1_70' title='bbox 254 1165 498 1240; x_wconf 84' lang='lat' dir='ltr'><strong>Schmidtius</strong></span> <span class='ocrx_word' id='word_1_71' title='bbox 524 1174 657 1240; x_wconf 89' lang='lat' dir='ltr'><strong>inserere</strong></span> <span class='ocrx_word' id='word_1_72' title='bbox 682 1175 800 1254; x_wconf 83' lang='lat' dir='ltr'><strong>soluit,</strong></span> <span class='ocrx_word' id='word_1_73' title='bbox 827 1175 878 1241; x_wconf 88' lang='lat' dir='ltr'><strong>vel</strong></span> <span class='ocrx_word' id='word_1_74' title='bbox 904 1175 1009 1240; x_wconf 89' lang='lat' dir='ltr'><strong>similo</strong></span> <span class='ocrx_word' id='word_1_75' title='bbox 1038 1176 1166 1242; x_wconf 79' lang='lat' dir='ltr'><strong>verbum</strong></span> <span class='ocrx_word' id='word_1_76' title='bbox 1191 1176 1321 1242; x_wconf 90' lang='lat' dir='ltr'><strong>minime</strong></span> <span class='ocrx_word' id='word_1_77' title='bbox 1351 1174 1584 1240; x_wconf 88' lang='lat' dir='ltr'><strong>desiderandum</strong></span> <span class='ocrx_word' id='word_1_78' title='bbox 1604 1191 1671 1240; x_wconf 88' lang='lat' dir='ltr'><strong>esse</strong></span> <span class='ocrx_word' id='word_1_79' title='bbox 1693 1175 1814 1251; x_wconf 88' lang='lat' dir='ltr'><strong>censet,</strong></span> <span class='ocrx_word' id='word_1_80' title='bbox 1843 1171 1916 1255; x_wconf 89' lang='lat' dir='ltr'><strong>quia</strong></span> <span class='ocrx_word' id='word_1_81' title='bbox 1940 1169 2015 1236; x_wconf 87' lang='lat' dir='ltr'><strong>talis</strong></span> 
     </span>
     <span class='ocr_line' id='line_1_8' title="bbox 253 1289 2014 1382; baseline -0.001 -26"><span class='ocrx_word' id='word_1_82' title='bbox 253 1292 339 1358; x_wconf 88' lang='lat' dir='ltr'><strong>notio</strong></span> <span class='ocrx_word' id='word_1_83' title='bbox 360 1293 426 1358; x_wconf 91' lang='lat' dir='ltr'><strong>iam</strong></span> <span class='ocrx_word' id='word_1_84' title='bbox 447 1292 481 1356; x_wconf 91' lang='lat' dir='ltr'><strong>in</strong></span> <span class='ocrx_word' id='word_1_85' title='bbox 501 1293 735 1380; x_wconf 71' lang='grc' dir='ltr'><strong>κεχωρισμένοι</strong></span> <span class='ocrx_word' id='word_1_86' title='bbox 756 1294 843 1374; x_wconf 88' lang='lat' dir='ltr'><strong>insit,</strong></span> <span class='ocrx_word' id='word_1_87' title='bbox 870 1312 931 1360; x_wconf 92' lang='lat' dir='ltr'><strong>non</strong></span> <span class='ocrx_word' id='word_1_88' title='bbox 952 1311 1108 1378; x_wconf 86' lang='lat' dir='ltr'><strong>assequor,</strong></span> <span class='ocrx_word' id='word_1_89' title='bbox 1128 1294 1281 1377; x_wconf 88' lang='lat' dir='ltr'><strong>quomodo</strong></span> <span class='ocrx_word' id='word_1_90' title='bbox 1302 1297 1534 1382; x_wconf 68' lang='grc' dir='ltr'><strong><em>κεχωρισμένοι</em></strong></span> <span class='ocrx_word' id='word_1_91' title='bbox 1566 1294 1692 1362; x_wconf 73' lang='grc' dir='ltr'><strong><em>πολλῶν</em></strong></span> <span class='ocrx_word' id='word_1_92' title='bbox 1713 1290 1799 1356; x_wconf 88' lang='lat' dir='ltr'><strong>aliud</strong></span> <span class='ocrx_word' id='word_1_93' title='bbox 1820 1289 1895 1373; x_wconf 92' lang='lat' dir='ltr'><strong>quid</strong></span> <span class='ocrx_word' id='word_1_94' title='bbox 1915 1289 2014 1372; x_wconf 83' lang='lat' dir='ltr'><strong>signi-</strong></span> 
     </span>
     <span class='ocr_line' id='line_1_9' title="bbox 252 1408 2015 1498; baseline -0.003 -22"><span class='ocrx_word' id='word_1_95' title='bbox 252 1410 343 1476; x_wconf 86' lang='lat' dir='ltr'><strong>ficare</strong></span> <span class='ocrx_word' id='word_1_96' title='bbox 363 1412 456 1494; x_wconf 86' lang='lat' dir='ltr'><strong>queat</strong></span> <span class='ocrx_word' id='word_1_97' title='bbox 476 1411 569 1494; x_wconf 88' lang='lat' dir='ltr'><strong>atque</strong></span> <span class='ocrx_word' id='word_1_98' title='bbox 591 1428 637 1490; x_wconf 88' lang='lat' dir='ltr'><strong>„a</strong></span> <span class='ocrx_word' id='word_1_99' title='bbox 658 1412 768 1478; x_wconf 88' lang='lat' dir='ltr'><strong>multis</strong></span> <span class='ocrx_word' id='word_1_100' title='bbox 788 1411 880 1479; x_wconf 87' lang='lat' dir='ltr'><strong>rebus</strong></span> <span class='ocrx_word' id='word_1_101' title='bbox 897 1413 1068 1498; x_wconf 81' lang='lat' dir='ltr'><strong>separuti“‚</strong></span> <span class='ocrx_word' id='word_1_102' title='bbox 1098 1431 1183 1492; x_wconf 89' lang='lat' dir='ltr'><strong>cum,</strong></span> <span class='ocrx_word' id='word_1_103' title='bbox 1216 1414 1245 1477; x_wconf 95' lang='lat' dir='ltr'><strong>si</strong></span> <span class='ocrx_word' id='word_1_104' title='bbox 1262 1413 1522 1497; x_wconf 84' lang='lat' dir='ltr'><strong>Bernaysium</strong></span> <span class='ocrx_word' id='word_1_105' title='bbox 1541 1413 1718 1490; x_wconf 75' lang='lat' dir='ltr'><strong>audimus,</strong></span> <span class='ocrx_word' id='word_1_106' title='bbox 1746 1412 1791 1476; x_wconf 86' lang='lat' dir='ltr'><strong>sic</strong></span> <span class='ocrx_word' id='word_1_107' title='bbox 1812 1409 1916 1494; x_wconf 90' lang='lat' dir='ltr'><strong>potins</strong></span> <span class='ocrx_word' id='word_1_108' title='bbox 1939 1408 2015 1473; x_wconf 86' lang='lat' dir='ltr'><strong>hoec</strong></span> 
     </span>
     <span class='ocr_line' id='line_1_10' title="bbox 252 1527 2014 1616; baseline -0.003 -20"><span class='ocrx_word' id='word_1_109' title='bbox 252 1530 345 1596; x_wconf 86' lang='lat' dir='ltr'><strong>verba</strong></span> <span class='ocrx_word' id='word_1_110' title='bbox 360 1530 531 1598; x_wconf 76' lang='lat' dir='ltr'><strong>vertamus:</strong></span> <span class='ocrx_word' id='word_1_111' title='bbox 556 1529 657 1613; x_wconf 84' lang='lat' dir='ltr'><strong>„qnod</strong></span> <span class='ocrx_word' id='word_1_112' title='bbox 678 1530 718 1596; x_wconf 89' lang='lat' dir='ltr'><strong>ad</strong></span> <span class='ocrx_word' id='word_1_113' title='bbox 735 1532 852 1598; x_wconf 87' lang='lat' dir='ltr'><strong>multas</strong></span> <span class='ocrx_word' id='word_1_114' title='bbox 872 1549 922 1598; x_wconf 88' lang='lat' dir='ltr'><strong>res</strong></span> <span class='ocrx_word' id='word_1_115' title='bbox 942 1532 1057 1598; x_wconf 88' lang='lat' dir='ltr'><strong>attinet</strong></span> <span class='ocrx_word' id='word_1_116' title='bbox 1078 1532 1234 1616; x_wconf 87' lang='lat' dir='ltr'><strong>separatas</strong></span> <span class='ocrx_word' id='word_1_117' title='bbox 1248 1531 1457 1616; x_wconf 89' lang='lat' dir='ltr'><strong>possessiones</strong></span> <span class='ocrx_word' id='word_1_118' title='bbox 1472 1531 1638 1597; x_wconf 78' lang='lat' dir='ltr'><strong>habentes‘</strong></span> <span class='ocrx_word' id='word_1_119' title='bbox 1660 1531 1735 1616; x_wconf 57' lang='grc' dir='ltr'><strong><em>(μοι</em></strong></span> <span class='ocrx_word' id='word_1_120' title='bbox 1756 1529 1815 1594; x_wconf 92' lang='lat' dir='ltr'><strong>deu</strong></span> <span class='ocrx_word' id='word_1_121' title='bbox 1836 1527 2014 1594; x_wconf 85' lang='lat' dir='ltr'><strong>entwiclrel-</strong></span> 
     </span>
     <span class='ocr_line' id='line_1_11' title="bbox 253 1646 2013 1737; baseline -0.002 -23"><span class='ocrx_word' id='word_1_122' title='bbox 253 1651 359 1728; x_wconf 87' lang='lat' dir='ltr'><strong>„taren</strong></span> <span class='ocrx_word' id='word_1_123' title='bbox 379 1647 512 1716; x_wconf 78' lang='lat' dir='ltr'><strong>Formen</strong></span> <span class='ocrx_word' id='word_1_124' title='bbox 534 1648 587 1714; x_wconf 91' lang='lat' dir='ltr'><strong>der</strong></span> <span class='ocrx_word' id='word_1_125' title='bbox 608 1648 841 1716; x_wconf 80' lang='lat' dir='ltr'><strong>Gameinsnhalt</strong></span> <span class='ocrx_word' id='word_1_126' title='bbox 859 1651 904 1716; x_wconf 89' lang='lat' dir='ltr'><strong>ist</strong></span> <span class='ocrx_word' id='word_1_127' title='bbox 932 1651 1005 1718; x_wconf 88' lang='lat' dir='ltr'><strong>abor</strong></span> <span class='ocrx_word' id='word_1_128' title='bbox 1027 1651 1076 1716; x_wconf 80' lang='lat' dir='ltr'><strong>dir</strong></span> <span class='ocrx_word' id='word_1_129' title='bbox 1097 1650 1178 1716; x_wconf 87' lang='lat' dir='ltr'><strong>risle</strong></span> <span class='ocrx_word' id='word_1_130' title='bbox 1208 1651 1310 1734; x_wconf 77' lang='lat' dir='ltr'><strong>Dirige</strong></span> <span class='ocrx_word' id='word_1_131' title='bbox 1330 1651 1443 1716; x_wconf 78' lang='lat' dir='ltr'><strong>wieder</strong></span> <span class='ocrx_word' id='word_1_132' title='bbox 1462 1652 1504 1737; x_wconf 83' lang='grc'><strong>(1)</strong></span> <span class='ocrx_word' id='word_1_133' title='bbox 1525 1649 1690 1732; x_wconf 83' lang='lat' dir='ltr'><strong>Tronnung</strong></span> <span class='ocrx_word' id='word_1_134' title='bbox 1710 1648 1765 1715; x_wconf 90' lang='lat' dir='ltr'><strong>das</strong></span> <span class='ocrx_word' id='word_1_135' title='bbox 1785 1647 1925 1714; x_wconf 84' lang='lat' dir='ltr'><strong>Besitros</strong></span> <span class='ocrx_word' id='word_1_136' title='bbox 1947 1646 2013 1711; x_wconf 88' lang='lat' dir='ltr'><strong>ein-</strong></span> 
     </span>
     <span class='ocr_line' id='line_1_12' title="bbox 253 1758 2013 1855; baseline -0.002 -22"><span class='ocrx_word' id='word_1_137' title='bbox 253 1758 454 1854; x_wconf 60' lang='lat' dir='ltr'><strong>,paramo</strong></span> <span class='ocrx_word' id='word_1_138' title='bbox 497 1767 598 1834; x_wconf 86' lang='lat' dir='ltr'><strong>Multo</strong></span> <span class='ocrx_word' id='word_1_139' title='bbox 616 1767 713 1834; x_wconf 89' lang='lat' dir='ltr'><strong>otiam</strong></span> <span class='ocrx_word' id='word_1_140' title='bbox 733 1767 836 1833; x_wconf 88' lang='lat' dir='ltr'><strong>minus</strong></span> <span class='ocrx_word' id='word_1_141' title='bbox 858 1785 1019 1854; x_wconf 78' lang='lat' dir='ltr'><strong>assequm,</strong></span> <span class='ocrx_word' id='word_1_142' title='bbox 1048 1769 1201 1852; x_wconf 89' lang='lat' dir='ltr'><strong>quomodo</strong></span> <span class='ocrx_word' id='word_1_143' title='bbox 1229 1769 1432 1836; x_wconf 89' lang='lat' dir='ltr'><strong>nihilominus</strong></span> <span class='ocrx_word' id='word_1_144' title='bbox 1454 1767 1564 1836; x_wconf 89' lang='lat' dir='ltr'><strong>deinde</strong></span> <span class='ocrx_word' id='word_1_145' title='bbox 1590 1771 1702 1855; x_wconf 74' lang='grc' dir='ltr'><strong><em>ἑτέρον</em></strong></span> <span class='ocrx_word' id='word_1_146' title='bbox 1724 1767 1764 1832; x_wconf 91' lang='lat' dir='ltr'><strong>ad</strong></span> <span class='ocrx_word' id='word_1_147' title='bbox 1781 1766 1865 1832; x_wconf 91' lang='lat' dir='ltr'><strong>idem</strong></span> <span class='ocrx_word' id='word_1_148' title='bbox 1887 1765 2013 1832; x_wconf 84' lang='lat' dir='ltr'><strong>uerbum</strong></span> 
     </span>
     <span class='ocr_line' id='line_1_13' title="bbox 253 1884 2011 1974; baseline -0.005 -20"><span class='ocrx_word' id='word_1_149' title='bbox 253 1887 486 1974; x_wconf 72' lang='grc' dir='ltr'><strong><em>κεχωρισμένοι</em></strong></span> <span class='ocrx_word' id='word_1_150' title='bbox 507 1885 640 1952; x_wconf 88' lang='lat' dir='ltr'><strong>relatum</strong></span> <span class='ocrx_word' id='word_1_151' title='bbox 663 1886 760 1954; x_wconf 88' lang='lat' dir='ltr'><strong>atium</strong></span> <span class='ocrx_word' id='word_1_152' title='bbox 780 1886 996 1972; x_wconf 81' lang='lat' dir='ltr'><strong>Bernaysio</strong></span> <span class='ocrx_word' id='word_1_153' title='bbox 1029 1887 1088 1967; x_wconf 88' lang='lat' dir='ltr'><strong>„ab</strong></span> <span class='ocrx_word' id='word_1_154' title='bbox 1109 1889 1182 1954; x_wconf 90' lang='lat' dir='ltr'><strong>aliis</strong></span> <span class='ocrx_word' id='word_1_155' title='bbox 1203 1887 1313 1954; x_wconf 79' lang='lat' dir='ltr'><strong>rebus‘</strong></span> <span class='ocrx_word' id='word_1_156' title='bbox 1336 1889 1425 1954; x_wconf 91' lang='lat' dir='ltr'><strong>sonet</strong></span> <span class='ocrx_word' id='word_1_157' title='bbox 1457 1886 1507 1953; x_wconf 85' lang='lat' dir='ltr'><strong>val</strong></span> <span class='ocrx_word' id='word_1_158' title='bbox 1529 1887 1610 1952; x_wconf 88' lang='lat' dir='ltr'><strong>certe</strong></span> <span class='ocrx_word' id='word_1_159' title='bbox 1637 1902 1746 1952; x_wconf 85' lang='lat' dir='ltr'><strong>sonare</strong></span> <span class='ocrx_word' id='word_1_160' title='bbox 1771 1884 1922 1964; x_wconf 86' lang='lat' dir='ltr'><strong>rideatur,</strong></span> <span class='ocrx_word' id='word_1_161' title='bbox 1950 1900 2011 1950; x_wconf 93' lang='lat' dir='ltr'><strong>non</strong></span> 
     </span>
     <span class='ocr_line' id='line_1_14' title="bbox 252 2003 2012 2092; baseline -0.002 -22"><span class='ocrx_word' id='word_1_162' title='bbox 252 2003 354 2088; x_wconf 88' lang='lat' dir='ltr'><strong>„qnod</strong></span> <span class='ocrx_word' id='word_1_163' title='bbox 374 2004 489 2070; x_wconf 80' lang='lat' dir='ltr'><strong>attinet</strong></span> <span class='ocrx_word' id='word_1_164' title='bbox 509 2003 549 2070; x_wconf 90' lang='lat' dir='ltr'><strong>ad</strong></span> <span class='ocrx_word' id='word_1_165' title='bbox 568 2005 648 2070; x_wconf 86' lang='lat' dir='ltr'><strong>alias</strong></span> <span class='ocrx_word' id='word_1_166' title='bbox 666 2015 736 2071; x_wconf 78' lang='lat' dir='ltr'><strong>res‘·</strong></span> <span class='ocrx_word' id='word_1_167' title='bbox 758 2005 873 2092; x_wconf 82' lang='lat' dir='ltr'><strong>(pergit</strong></span> <span class='ocrx_word' id='word_1_168' title='bbox 895 2006 979 2072; x_wconf 92' lang='lat' dir='ltr'><strong>onim</strong></span> <span class='ocrx_word' id='word_1_169' title='bbox 1000 2007 1061 2072; x_wconf 90' lang='lat' dir='ltr'><strong>sic:</strong></span> <span class='ocrx_word' id='word_1_170' title='bbox 1090 2007 1173 2085; x_wconf 89' lang='lat' dir='ltr'><strong>„und</strong></span> <span class='ocrx_word' id='word_1_171' title='bbox 1194 2007 1265 2072; x_wconf 88' lang='lat' dir='ltr'><strong>dem</strong></span> <span class='ocrx_word' id='word_1_172' title='bbox 1285 2006 1383 2072; x_wconf 82' lang='lat' dir='ltr'><strong>llinon</strong></span> <span class='ocrx_word' id='word_1_173' title='bbox 1405 2005 1484 2072; x_wconf 87' lang='lat' dir='ltr'><strong>fehlt</strong></span> <span class='ocrx_word' id='word_1_174' title='bbox 1505 2006 1615 2083; x_wconf 72' lang='lat' dir='ltr'><strong>dieses</strong></span> <span class='ocrx_word' id='word_1_175' title='bbox 1636 2004 1709 2070; x_wconf 90' lang='lat' dir='ltr'><strong>dam</strong></span> <span class='ocrx_word' id='word_1_176' title='bbox 1722 2004 1873 2077; x_wconf 56' lang='lat' dir='ltr'><strong>Anderen.</strong></span> <span class='ocrx_word' id='word_1_177' title='bbox 1882 2004 2012 2088; x_wconf 76' lang='lat' dir='ltr'><strong>janes‘).</strong></span> 
     </span>
     <span class='ocr_line' id='line_1_15' title="bbox 252 2123 2012 2211; baseline -0.002 -22"><span class='ocrx_word' id='word_1_178' title='bbox 252 2124 444 2207; x_wconf 79' lang='lat' dir='ltr'><strong>Quapropter</strong></span> <span class='ocrx_word' id='word_1_179' title='bbox 463 2123 567 2190; x_wconf 88' lang='lat' dir='ltr'><strong>nescio</strong></span> <span class='ocrx_word' id='word_1_180' title='bbox 597 2139 637 2189; x_wconf 91' lang='lat' dir='ltr'><strong>an</strong></span> <span class='ocrx_word' id='word_1_181' title='bbox 657 2143 765 2190; x_wconf 78' lang='lat' dir='ltr'><strong>renim</strong></span> <span class='ocrx_word' id='word_1_182' title='bbox 786 2124 927 2204; x_wconf 74' lang='lat' dir='ltr'><strong>ridemur,</strong></span> <span class='ocrx_word' id='word_1_183' title='bbox 950 2143 1021 2192; x_wconf 91' lang='lat' dir='ltr'><strong>cum</strong></span> <span class='ocrx_word' id='word_1_184' title='bbox 1042 2127 1157 2209; x_wconf 88' lang='lat' dir='ltr'><strong>partim</strong></span> <span class='ocrx_word' id='word_1_185' title='bbox 1177 2125 1438 2211; x_wconf 83' lang='lat' dir='ltr'><strong>Bornaysium</strong></span> <span class='ocrx_word' id='word_1_186' title='bbox 1457 2125 1574 2210; x_wconf 87' lang='lat' dir='ltr'><strong>partim</strong></span> <span class='ocrx_word' id='word_1_187' title='bbox 1605 2123 1870 2189; x_wconf 83' lang='lat' dir='ltr'><strong>Schmidtium</strong></span> <span class='ocrx_word' id='word_1_188' title='bbox 1889 2123 2012 2188; x_wconf 88' lang='lat' dir='ltr'><strong>secutus</strong></span> 
     </span>
     <span class='ocr_line' id='line_1_16' title="bbox 250 2237 1053 2331; baseline 0.002 -23"><span class='ocrx_word' id='word_1_189' title='bbox 250 2244 323 2326; x_wconf 88' lang='lat' dir='ltr'><strong>pont</strong></span> <span class='ocrx_word' id='word_1_190' title='bbox 341 2243 454 2330; x_wconf 71' lang='grc' dir='ltr'><strong><em>ἑτέρον</em></strong></span> <span class='ocrx_word' id='word_1_191' title='bbox 476 2242 625 2308; x_wconf 84' lang='lat' dir='ltr'><strong>excidisse</strong></span> <span class='ocrx_word' id='word_1_192' title='bbox 646 2237 741 2330; x_wconf 73' lang='grc' dir='ltr'><strong><em>ἕτεροι</em></strong></span> <span class='ocrx_word' id='word_1_193' title='bbox 762 2244 902 2331; x_wconf 76' lang='grc' dir='ltr'><strong><em>ι’μόρουν</em></strong></span> <span class='ocrx_word' id='word_1_194' title='bbox 924 2244 1053 2310; x_wconf 87' lang='lat' dir='ltr'><strong>conicio.</strong></span> 
     </span>
    </p>

    <p class='ocr_par' dir='ltr' id='par_1_3' title="bbox 248 2329 2071 4467">
     <span class='ocr_line' id='line_1_17' title="bbox 416 2329 2012 2448; baseline -0.001 -23"><span class='ocrx_word' id='word_1_195' title='bbox 416 2361 454 2425; x_wconf 94' lang='lat' dir='ltr'><strong>In</strong></span> <span class='ocrx_word' id='word_1_196' title='bbox 475 2360 584 2426; x_wconf 89' lang='lat' dir='ltr'><strong>eodem</strong></span> <span class='ocrx_word' id='word_1_197' title='bbox 601 2361 702 2448; x_wconf 87' lang='lat' dir='ltr'><strong>eapite</strong></span> <span class='ocrx_word' id='word_1_198' title='bbox 723 2362 894 2446; x_wconf 89' lang='lat' dir='ltr'><strong>pessimum</strong></span> <span class='ocrx_word' id='word_1_199' title='bbox 915 2363 949 2427; x_wconf 89' lang='lat' dir='ltr'><strong>in</strong></span> <span class='ocrx_word' id='word_1_200' title='bbox 969 2329 1212 2429; x_wconf 81' lang='lat' dir='ltr'><strong>demonstrando&#39;</strong></span> <span class='ocrx_word' id='word_1_201' title='bbox 1227 2363 1385 2440; x_wconf 71' lang='lat' dir='ltr'><strong>amomum,</strong></span> <span class='ocrx_word' id='word_1_202' title='bbox 1408 2380 1467 2445; x_wconf 89' lang='lat' dir='ltr'><strong>quo</strong></span> <span class='ocrx_word' id='word_1_203' title='bbox 1487 2365 1685 2447; x_wconf 87' lang='lat' dir='ltr'><strong>postquame</strong></span> <span class='ocrx_word' id='word_1_204' title='bbox 1706 2363 1902 2447; x_wconf 84' lang='lat' dir='ltr'><strong>negotiorum</strong></span> <span class='ocrx_word' id='word_1_205' title='bbox 1922 2377 2012 2424; x_wconf 90' lang='lat' dir='ltr'><strong>num-</strong></span> 
     </span>
     <span class='ocr_line' id='line_1_18' title="bbox 248 2479 2071 2566; baseline -0.002 -20"><span class='ocrx_word' id='word_1_206' title='bbox 248 2480 421 2546; x_wconf 77' lang='lat' dir='ltr'><strong>martorum</strong></span> <span class='ocrx_word' id='word_1_207' title='bbox 441 2479 515 2545; x_wconf 91' lang='lat' dir='ltr'><strong>flore</strong></span> <span class='ocrx_word' id='word_1_208' title='bbox 537 2479 724 2564; x_wconf 84' lang='lat' dir='ltr'><strong>explicatum</strong></span> <span class='ocrx_word' id='word_1_209' title='bbox 745 2481 813 2559; x_wconf 86' lang='lat' dir='ltr'><strong>ost,</strong></span> <span class='ocrx_word' id='word_1_210' title='bbox 844 2498 898 2546; x_wconf 90' lang='lat' dir='ltr'><strong>cur</strong></span> <span class='ocrx_word' id='word_1_211' title='bbox 920 2480 1013 2547; x_wconf 89' lang='lat' dir='ltr'><strong>multi</strong></span> <span class='ocrx_word' id='word_1_212' title='bbox 1046 2481 1147 2547; x_wconf 71' lang='grc' dir='ltr'><strong><em>οτοοιο</em></strong></span> <span class='ocrx_word' id='word_1_213' title='bbox 1175 2479 1352 2563; x_wconf 72' lang='grc' dir='ltr'><strong><em>οοοιιίτοοὰἰ</em></strong></span> <span class='ocrx_word' id='word_1_214' title='bbox 1373 2481 1423 2546; x_wconf 86' lang='lat' dir='ltr'><strong>rel</strong></span> <span class='ocrx_word' id='word_1_215' title='bbox 1445 2482 1590 2563; x_wconf 88' lang='lat' dir='ltr'><strong>quaestus</strong></span> <span class='ocrx_word' id='word_1_216' title='bbox 1611 2479 1743 2546; x_wconf 72' lang='lat' dir='ltr'><strong>ludendi</strong></span> <span class='ocrx_word' id='word_1_217' title='bbox 1763 2480 1834 2566; x_wconf 76' lang='grc' dir='ltr'><strong><em>(τὴν</em></strong></span> <span class='ocrx_word' id='word_1_218' title='bbox 1853 2505 2011 2565; x_wconf 80' lang='grc' dir='ltr'><strong><em>χρημαιι-</em></strong></span> <span class='ocrx_word' id='word_1_219' title='bbox 2069 2519 2071 2524; x_wconf 92' lang='grc'>-</span> 
     </span>
     <span class='ocr_line' id='line_1_19' title="bbox 250 2594 2011 2684; baseline -0.003 -18"><span class='ocrx_word' id='word_1_220' title='bbox 250 2597 377 2684; x_wconf 68' lang='grc' dir='ltr'><strong><em>σιικῖμ)</em></strong></span> <span class='ocrx_word' id='word_1_221' title='bbox 403 2598 437 2662; x_wconf 94' lang='lat' dir='ltr'><strong>in</strong></span> <span class='ocrx_word' id='word_1_222' title='bbox 465 2598 518 2664; x_wconf 89' lang='lat' dir='ltr'><strong>his</strong></span> <span class='ocrx_word' id='word_1_223' title='bbox 543 2596 678 2682; x_wconf 82' lang='lat' dir='ltr'><strong>negotiis</strong></span> <span class='ocrx_word' id='word_1_224' title='bbox 696 2599 826 2682; x_wconf 81' lang='lat' dir='ltr'><strong>ponant,</strong></span> <span class='ocrx_word' id='word_1_225' title='bbox 854 2599 967 2683; x_wconf 85' lang='lat' dir='ltr'><strong>quippe</strong></span> <span class='ocrx_word' id='word_1_226' title='bbox 995 2598 1082 2664; x_wconf 87' lang='lat' dir='ltr'><strong>cuius</strong></span> <span class='ocrx_word' id='word_1_227' title='bbox 1101 2597 1260 2682; x_wconf 89' lang='lat' dir='ltr'><strong>proprium</strong></span> <span class='ocrx_word' id='word_1_228' title='bbox 1280 2599 1324 2663; x_wconf 92' lang='lat' dir='ltr'><strong>sit</strong></span> <span class='ocrx_word' id='word_1_229' title='bbox 1339 2597 1470 2664; x_wconf 72' lang='lat' dir='ltr'><strong>&#39;divitas</strong></span> <span class='ocrx_word' id='word_1_230' title='bbox 1492 2599 1523 2662; x_wconf 88' lang='lat' dir='ltr'><strong>at</strong></span> <span class='ocrx_word' id='word_1_231' title='bbox 1544 2599 1706 2682; x_wconf 83' lang='lat' dir='ltr'><strong>paeantem</strong></span> <span class='ocrx_word' id='word_1_232' title='bbox 1726 2614 1916 2683; x_wconf 86' lang='lat' dir='ltr'><strong>comparare,</strong></span> <span class='ocrx_word' id='word_1_233' title='bbox 1946 2594 2011 2664; x_wconf 82' lang='grc' dir='ltr'><strong><em>διὸ</em></strong></span> 
     </span>
     <span class='ocr_line' id='line_1_20' title="bbox 250 2710 2011 2818; baseline -0.003 -32"><span class='ocrx_word' id='word_1_234' title='bbox 250 2719 378 2800; x_wconf 78' lang='grc' dir='ltr'><strong><em>δοκεῖ”η</em></strong></span> <span class='ocrx_word' id='word_1_235' title='bbox 399 2715 634 2804; x_wconf 68' lang='grc' dir='ltr'><strong>χρηματιστικὴ</strong></span> <span class='ocrx_word' id='word_1_236' title='bbox 655 2715 800 2804; x_wconf 73' lang='grc' dir='ltr'><strong><em>μάλιστα</em></strong></span> <span class='ocrx_word' id='word_1_237' title='bbox 820 2713 887 2803; x_wconf 68' lang='lat' dir='ltr'><strong>aspi</strong></span> <span class='ocrx_word' id='word_1_238' title='bbox 914 2716 949 2818; x_wconf 70' lang='grc' dir='ltr'><strong>τὸ</strong></span> <span class='ocrx_word' id='word_1_239' title='bbox 971 2715 1119 2803; x_wconf 83' lang='grc' dir='ltr'><strong><em>νόμισμα</em></strong></span> <span class='ocrx_word' id='word_1_240' title='bbox 1143 2710 1235 2802; x_wconf 78' lang='grc' dir='ltr'><strong><em>εἶναι,</em></strong></span> <span class='ocrx_word' id='word_1_241' title='bbox 1264 2715 1322 2785; x_wconf 72' lang='grc' dir='ltr'><strong>καὶ</strong></span> <span class='ocrx_word' id='word_1_242' title='bbox 1349 2711 1445 2804; x_wconf 64' lang='grc' dir='ltr'><strong><em>ἔργον</em></strong></span> <span class='ocrx_word' id='word_1_243' title='bbox 1465 2716 1565 2798; x_wconf 67' lang='grc' dir='ltr'><strong><em>αὐτῆς</em></strong></span> <span class='ocrx_word' id='word_1_244' title='bbox 1592 2718 1625 2785; x_wconf 80' lang='grc' dir='ltr'><strong>τὸ</strong></span> <span class='ocrx_word' id='word_1_245' title='bbox 1647 2718 1816 2795; x_wconf 59' lang='grc' dir='ltr'><strong><em>δύνασθαι</em></strong></span> <span class='ocrx_word' id='word_1_246' title='bbox 1836 2715 2011 2802; x_wconf 58' lang='grc' dir='ltr'><strong><em>θεωρῆσαι,</em></strong></span> 
     </span>
     <span class='ocr_line' id='line_1_21' title="bbox 250 2829 2011 2924; baseline -0.002 -22"><span class='ocrx_word' id='word_1_247' title='bbox 250 2833 352 2913; x_wconf 63' lang='lat' dir='ltr'><strong>aises</strong></span> <span class='ocrx_word' id='word_1_248' title='bbox 379 2829 469 2904; x_wconf 67' lang='grc' dir='ltr'><strong><em>ἔσται</em></strong></span> <span class='ocrx_word' id='word_1_249' title='bbox 495 2836 617 2918; x_wconf 45' lang='lat' dir='ltr'><strong>adriaco</strong></span> <span class='ocrx_word' id='word_1_250' title='bbox 641 2834 829 2923; x_wconf 54' lang='grc' dir='ltr'><strong><em>χρημάτων·</em></strong></span> <span class='ocrx_word' id='word_1_251' title='bbox 858 2832 1000 2918; x_wconf 75' lang='grc' dir='ltr'><strong><em>ποιητικὴ</em></strong></span> <span class='ocrx_word' id='word_1_252' title='bbox 1020 2836 1088 2924; x_wconf 74' lang='grc' dir='ltr'><strong>γὰρ</strong></span> <span class='ocrx_word' id='word_1_253' title='bbox 1118 2829 1227 2923; x_wconf 75' lang='grc' dir='ltr'><strong><em>[εἶναι]</em></strong></span> <span class='ocrx_word' id='word_1_254' title='bbox 1250 2837 1307 2903; x_wconf 82' lang='grc' dir='ltr'><strong>τοῦ</strong></span> <span class='ocrx_word' id='word_1_255' title='bbox 1328 2835 1466 2902; x_wconf 78' lang='grc' dir='ltr'><strong><em>πλούτου</em></strong></span> <span class='ocrx_word' id='word_1_256' title='bbox 1494 2834 1551 2903; x_wconf 68' lang='grc' dir='ltr'><strong>καὶ</strong></span> <span class='ocrx_word' id='word_1_257' title='bbox 1572 2836 1759 2924; x_wconf 73' lang='grc' dir='ltr'><strong><em>χρημάτων,</em></strong></span> <span class='ocrx_word' id='word_1_258' title='bbox 1782 2836 1895 2914; x_wconf 74' lang='grc'><strong>12571),</strong></span> <span class='ocrx_word' id='word_1_259' title='bbox 1918 2835 2011 2912; x_wconf 84' lang='grc'>5-8,</span> 
     </span>
     <span class='ocr_line' id='line_1_22' title="bbox 249 2951 2011 3040; baseline 0.001 -23"><span class='ocrx_word' id='word_1_260' title='bbox 249 2952 337 3032; x_wconf 84' lang='lat' dir='ltr'><strong>inde,</strong></span> <span class='ocrx_word' id='word_1_261' title='bbox 365 2951 446 3036; x_wconf 89' lang='lat' dir='ltr'><strong>quod</strong></span> <span class='ocrx_word' id='word_1_262' title='bbox 467 2953 543 3020; x_wconf 88' lang='lat' dir='ltr'><strong>haec</strong></span> <span class='ocrx_word' id='word_1_263' title='bbox 562 2971 612 3020; x_wconf 89' lang='lat' dir='ltr'><strong>ars</strong></span> <span class='ocrx_word' id='word_1_264' title='bbox 634 2953 668 3020; x_wconf 90' lang='lat' dir='ltr'><strong>in</strong></span> <span class='ocrx_word' id='word_1_265' title='bbox 688 2952 804 3020; x_wconf 86' lang='lat' dir='ltr'><strong>talibus</strong></span> <span class='ocrx_word' id='word_1_266' title='bbox 825 2953 959 3037; x_wconf 86' lang='lat' dir='ltr'><strong>negotiis</strong></span> <span class='ocrx_word' id='word_1_267' title='bbox 981 2955 1136 3031; x_wconf 82' lang='lat' dir='ltr'><strong>versatur,</strong></span> <span class='ocrx_word' id='word_1_268' title='bbox 1166 2953 1293 3018; x_wconf 83' lang='lat' dir='ltr'><strong>divitias</strong></span> <span class='ocrx_word' id='word_1_269' title='bbox 1321 2953 1479 3037; x_wconf 73' lang='lat' dir='ltr'><strong>colligitur</strong></span> <span class='ocrx_word' id='word_1_270' title='bbox 1504 2954 1614 3020; x_wconf 88' lang='lat' dir='ltr'><strong>multis</strong></span> <span class='ocrx_word' id='word_1_271' title='bbox 1636 2971 1727 3040; x_wconf 87' lang='lat' dir='ltr'><strong>saepe</strong></span> <span class='ocrx_word' id='word_1_272' title='bbox 1749 2955 1830 3020; x_wconf 84' lang='lat' dir='ltr'><strong>circa</strong></span> <span class='ocrx_word' id='word_1_273' title='bbox 1849 2971 2011 3021; x_wconf 88' lang='lat' dir='ltr'><strong>nummum</strong></span> 
     </span>
     <span class='ocr_line' id='line_1_23' title="bbox 249 3071 2054 3158; baseline 0 -20"><span class='ocrx_word' id='word_1_274' title='bbox 249 3071 670 3156; x_wconf 79' lang='lat' dir='ltr'><strong>remaririderiatqueex</strong></span> <span class='ocrx_word' id='word_1_275' title='bbox 697 3073 815 3139; x_wconf 87' lang='lat' dir='ltr'><strong>haere</strong></span> <span class='ocrx_word' id='word_1_276' title='bbox 844 3073 1030 3158; x_wconf 86' lang='lat' dir='ltr'><strong>explicatur,</strong></span> <span class='ocrx_word' id='word_1_277' title='bbox 1058 3091 1111 3139; x_wconf 90' lang='lat' dir='ltr'><strong>cur</strong></span> <span class='ocrx_word' id='word_1_278' title='bbox 1139 3071 1263 3152; x_wconf 75' lang='lat' dir='ltr'><strong>mdem,</strong></span> <span class='ocrx_word' id='word_1_279' title='bbox 1292 3075 1400 3158; x_wconf 89' lang='lat' dir='ltr'><strong>utpote</strong></span> <span class='ocrx_word' id='word_1_280' title='bbox 1427 3090 1505 3155; x_wconf 89' lang='lat' dir='ltr'><strong>quae</strong></span> <span class='ocrx_word' id='word_1_281' title='bbox 1534 3074 1578 3139; x_wconf 91' lang='lat' dir='ltr'><strong>sit</strong></span> <span class='ocrx_word' id='word_1_282' title='bbox 1608 3072 1789 3140; x_wconf 72' lang='lat' dir='ltr'><strong>diutiarum</strong></span> <span class='ocrx_word' id='word_1_283' title='bbox 1810 3075 1842 3139; x_wconf 92' lang='lat' dir='ltr'><strong>et</strong></span> <span class='ocrx_word' id='word_1_284' title='bbox 1862 3073 2009 3156; x_wconf 87' lang='lat' dir='ltr'><strong>pecuniae</strong></span> <span class='ocrx_word' id='word_1_285' title='bbox 2049 3071 2054 3082; x_wconf 83' lang='lat'>&#39;</span> 
     </span>
     <span class='ocr_line' id='line_1_24' title="bbox 248 3189 2010 3279; baseline -0.001 -23"><span class='ocrx_word' id='word_1_286' title='bbox 248 3190 452 3274; x_wconf 83' lang='lat' dir='ltr'><strong>procreatrix,</strong></span> <span class='ocrx_word' id='word_1_287' title='bbox 480 3207 500 3256; x_wconf 89' lang='lat' dir='ltr'><strong>a</strong></span> <span class='ocrx_word' id='word_1_288' title='bbox 524 3189 635 3258; x_wconf 88' lang='lat' dir='ltr'><strong>multis</strong></span> <span class='ocrx_word' id='word_1_289' title='bbox 659 3191 692 3256; x_wconf 95' lang='lat' dir='ltr'><strong>in</strong></span> <span class='ocrx_word' id='word_1_290' title='bbox 718 3191 853 3276; x_wconf 77' lang='lat' dir='ltr'><strong>negotiis</strong></span> <span class='ocrx_word' id='word_1_291' title='bbox 878 3191 1062 3259; x_wconf 89' lang='lat' dir='ltr'><strong>nummariis</strong></span> <span class='ocrx_word' id='word_1_292' title='bbox 1089 3191 1237 3276; x_wconf 89' lang='lat' dir='ltr'><strong>ponatur,</strong></span> <span class='ocrx_word' id='word_1_293' title='bbox 1266 3191 1324 3260; x_wconf 71' lang='grc' dir='ltr'><strong>καὶ</strong></span> <span class='ocrx_word' id='word_1_294' title='bbox 1355 3191 1423 3279; x_wconf 70' lang='grc' dir='ltr'><strong>γὰρ</strong></span> <span class='ocrx_word' id='word_1_295' title='bbox 1452 3192 1507 3260; x_wconf 76' lang='grc' dir='ltr'><strong><em>τὸν</em></strong></span> <span class='ocrx_word' id='word_1_296' title='bbox 1534 3192 1673 3260; x_wconf 83' lang='grc' dir='ltr'><strong><em>ιιλοῦιον</em></strong></span> <span class='ocrx_word' id='word_1_297' title='bbox 1705 3190 1858 3268; x_wconf 69' lang='grc' dir='ltr'><strong><em>πολλάκις</em></strong></span> <span class='ocrx_word' id='word_1_298' title='bbox 1883 3191 2010 3268; x_wconf 54' lang='grc' dir='ltr'><strong><em>τιθέασι</em></strong></span> 
     </span>
     <span class='ocr_line' id='line_1_25' title="bbox 250 3304 2012 3397; baseline -0.002 -22"><span class='ocrx_word' id='word_1_299' title='bbox 250 3305 451 3394; x_wconf 71' lang='grc' dir='ltr'><strong><em>νομίσματος</em></strong></span> <span class='ocrx_word' id='word_1_300' title='bbox 471 3310 603 3395; x_wconf 59' lang='grc' dir='ltr'><strong><em>πλῆθος,</em></strong></span> <span class='ocrx_word' id='word_1_301' title='bbox 622 3308 677 3379; x_wconf 66' lang='grc' dir='ltr'><strong><em>διὰ</em></strong></span> <span class='ocrx_word' id='word_1_302' title='bbox 698 3309 733 3378; x_wconf 74' lang='grc' dir='ltr'><strong>τὸ</strong></span> <span class='ocrx_word' id='word_1_303' title='bbox 755 3307 824 3396; x_wconf 66' lang='grc' dir='ltr'><strong>περὶ</strong></span> <span class='ocrx_word' id='word_1_304' title='bbox 851 3309 932 3378; x_wconf 76' lang='grc' dir='ltr'><strong><em>τοῦτ’</em></strong></span> <span class='ocrx_word' id='word_1_305' title='bbox 956 3304 1037 3378; x_wconf 73' lang='grc' dir='ltr'><strong><em>εἶναι</em></strong></span> <span class='ocrx_word' id='word_1_306' title='bbox 1059 3307 1116 3393; x_wconf 64' lang='grc' dir='ltr'><strong><em>τὴν</em></strong></span> <span class='ocrx_word' id='word_1_307' title='bbox 1136 3308 1392 3397; x_wconf 76' lang='grc' dir='ltr'><strong><em>χρηματιστικὴν</em></strong></span> <span class='ocrx_word' id='word_1_308' title='bbox 1411 3307 1469 3377; x_wconf 67' lang='grc' dir='ltr'><strong>καὶ</strong></span> <span class='ocrx_word' id='word_1_309' title='bbox 1492 3307 1549 3392; x_wconf 78' lang='grc' dir='ltr'><strong><em>τὴν</em></strong></span> <span class='ocrx_word' id='word_1_310' title='bbox 1569 3308 1755 3393; x_wconf 75' lang='grc' dir='ltr'><strong><em>κατηλικῆν,</em></strong></span> <span class='ocrx_word' id='word_1_311' title='bbox 1777 3327 1806 3375; x_wconf 85' lang='lat' dir='ltr'><strong>v.</strong></span> <span class='ocrx_word' id='word_1_312' title='bbox 1828 3307 1943 3385; x_wconf 87' lang='grc'><strong>8-10,</strong></span> <span class='ocrx_word' id='word_1_313' title='bbox 1965 3307 2012 3372; x_wconf 69' lang='lat' dir='ltr'><strong>ila</strong></span> 
     </span>
     <span class='ocr_line' id='line_1_26' title="bbox 251 3423 2010 3516; baseline 0.001 -26"><span class='ocrx_word' id='word_1_314' title='bbox 251 3426 384 3511; x_wconf 79' lang='lat' dir='ltr'><strong>elingere</strong></span> <span class='ocrx_word' id='word_1_315' title='bbox 405 3424 509 3492; x_wconf 83' lang='lat' dir='ltr'><strong>studet</strong></span> <span class='ocrx_word' id='word_1_316' title='bbox 535 3425 787 3513; x_wconf 56' lang='lat' dir='ltr'><strong>Romanius,</strong></span> <span class='ocrx_word' id='word_1_317' title='bbox 808 3428 845 3492; x_wconf 90' lang='lat' dir='ltr'><strong>nt</strong></span> <span class='ocrx_word' id='word_1_318' title='bbox 867 3427 935 3516; x_wconf 67' lang='grc' dir='ltr'><strong>γὰρ</strong></span> <span class='ocrx_word' id='word_1_319' title='bbox 954 3428 1027 3512; x_wconf 88' lang='lat' dir='ltr'><strong>post</strong></span> <span class='ocrx_word' id='word_1_320' title='bbox 1047 3426 1190 3513; x_wconf 70' lang='grc' dir='ltr'><strong><em>ποιητικὴ</em></strong></span> <span class='ocrx_word' id='word_1_321' title='bbox 1210 3431 1252 3514; x_wconf 81' lang='lat' dir='ltr'><strong>(r.</strong></span> <span class='ocrx_word' id='word_1_322' title='bbox 1274 3427 1317 3514; x_wconf 82' lang='lat'><strong>7.)</strong></span> <span class='ocrx_word' id='word_1_323' title='bbox 1334 3445 1410 3493; x_wconf 87' lang='lat' dir='ltr'><strong>cum</strong></span> <span class='ocrx_word' id='word_1_324' title='bbox 1435 3425 1469 3496; x_wconf 75' lang='lat' dir='ltr'><strong>ti</strong></span> <span class='ocrx_word' id='word_1_325' title='bbox 1489 3428 1644 3511; x_wconf 86' lang='lat' dir='ltr'><strong>permutet</strong></span> <span class='ocrx_word' id='word_1_326' title='bbox 1665 3427 1819 3509; x_wconf 90' lang='lat' dir='ltr'><strong>simulque</strong></span> <span class='ocrx_word' id='word_1_327' title='bbox 1836 3423 1922 3492; x_wconf 87' lang='lat' dir='ltr'><strong>uliud</strong></span> <span class='ocrx_word' id='word_1_328' title='bbox 1942 3425 2010 3514; x_wconf 66' lang='grc' dir='ltr'><strong>γὰρ</strong></span> 
     </span>
     <span class='ocr_line' id='line_1_27' title="bbox 249 3544 2011 3629; baseline 0 -19"><span class='ocrx_word' id='word_1_329' title='bbox 249 3545 322 3628; x_wconf 91' lang='lat' dir='ltr'><strong>post</strong></span> <span class='ocrx_word' id='word_1_330' title='bbox 352 3545 490 3613; x_wconf 71' lang='grc' dir='ltr'><strong><em>πλούτου</em></strong></span> <span class='ocrx_word' id='word_1_331' title='bbox 521 3545 579 3615; x_wconf 74' lang='grc' dir='ltr'><strong>καὶ</strong></span> <span class='ocrx_word' id='word_1_332' title='bbox 605 3545 723 3612; x_wconf 89' lang='lat' dir='ltr'><strong>iniciat.</strong></span> <span class='ocrx_word' id='word_1_333' title='bbox 777 3547 822 3612; x_wconf 79' lang='lat' dir='ltr'><strong>At</strong></span> <span class='ocrx_word' id='word_1_334' title='bbox 849 3546 909 3612; x_wconf 88' lang='lat' dir='ltr'><strong>tali</strong></span> <span class='ocrx_word' id='word_1_335' title='bbox 934 3547 1027 3613; x_wconf 88' lang='lat' dir='ltr'><strong>modo</strong></span> <span class='ocrx_word' id='word_1_336' title='bbox 1053 3547 1277 3613; x_wconf 88' lang='lat' dir='ltr'><strong>sententiarum</strong></span> <span class='ocrx_word' id='word_1_337' title='bbox 1302 3545 1415 3612; x_wconf 75' lang='lat' dir='ltr'><strong>semem</strong></span> <span class='ocrx_word' id='word_1_338' title='bbox 1440 3545 1609 3629; x_wconf 83' lang='lat' dir='ltr'><strong>accipimus</strong></span> <span class='ocrx_word' id='word_1_339' title='bbox 1634 3545 1729 3611; x_wconf 84' lang='lat' dir='ltr'><strong>hanc:</strong></span> <span class='ocrx_word' id='word_1_340' title='bbox 1761 3547 1834 3628; x_wconf 90' lang='lat' dir='ltr'><strong>quia</strong></span> <span class='ocrx_word' id='word_1_341' title='bbox 1859 3544 2011 3629; x_wconf 87' lang='lat' dir='ltr'><strong>paulatim</strong></span> 
     </span>
     <span class='ocr_line' id='line_1_28' title="bbox 249 3663 2011 3749; baseline 0 -20"><span class='ocrx_word' id='word_1_342' title='bbox 249 3663 444 3748; x_wconf 80' lang='lat' dir='ltr'><strong>negotiorum</strong></span> <span class='ocrx_word' id='word_1_343' title='bbox 457 3665 719 3746; x_wconf 72' lang='lat' dir='ltr'><strong>mutatoriorum,</strong></span> <span class='ocrx_word' id='word_1_344' title='bbox 741 3683 819 3749; x_wconf 88' lang='lat' dir='ltr'><strong>quaa</strong></span> <span class='ocrx_word' id='word_1_345' title='bbox 837 3666 933 3734; x_wconf 88' lang='lat' dir='ltr'><strong>simul</strong></span> <span class='ocrx_word' id='word_1_346' title='bbox 946 3666 1121 3732; x_wconf 87' lang='lat' dir='ltr'><strong>nummaria</strong></span> <span class='ocrx_word' id='word_1_347' title='bbox 1138 3667 1220 3745; x_wconf 89' lang='lat' dir='ltr'><strong>sunt,</strong></span> <span class='ocrx_word' id='word_1_348' title='bbox 1241 3684 1291 3731; x_wconf 88' lang='lat' dir='ltr'><strong>ars</strong></span> <span class='ocrx_word' id='word_1_349' title='bbox 1304 3665 1439 3732; x_wconf 84' lang='lat' dir='ltr'><strong>maxime</strong></span> <span class='ocrx_word' id='word_1_350' title='bbox 1454 3664 1597 3744; x_wconf 85' lang='lat' dir='ltr'><strong>effloruit,</strong></span> <span class='ocrx_word' id='word_1_351' title='bbox 1613 3664 1778 3748; x_wconf 91' lang='lat' dir='ltr'><strong>permultis</strong></span> <span class='ocrx_word' id='word_1_352' title='bbox 1791 3682 1872 3730; x_wconf 87' lang='lat' dir='ltr'><strong>nuno</strong></span> <span class='ocrx_word' id='word_1_353' title='bbox 1888 3664 2011 3729; x_wconf 86' lang='lat' dir='ltr'><strong>ridetur</strong></span> 
     </span>
     <span class='ocr_line' id='line_1_29' title="bbox 249 3782 2010 3867; baseline -0.001 -19"><span class='ocrx_word' id='word_1_354' title='bbox 249 3783 351 3867; x_wconf 87' lang='lat' dir='ltr'><strong>specie</strong></span> <span class='ocrx_word' id='word_1_355' title='bbox 371 3782 459 3849; x_wconf 72' lang='lat' dir='ltr'><strong>ialam</strong></span> <span class='ocrx_word' id='word_1_356' title='bbox 473 3799 523 3848; x_wconf 88' lang='lat' dir='ltr'><strong>urs</strong></span> <span class='ocrx_word' id='word_1_357' title='bbox 544 3785 689 3866; x_wconf 82' lang='lat' dir='ltr'><strong>quaestus</strong></span> <span class='ocrx_word' id='word_1_358' title='bbox 710 3785 843 3851; x_wconf 78' lang='lat' dir='ltr'><strong>ludendi</strong></span> <span class='ocrx_word' id='word_1_359' title='bbox 864 3785 897 3851; x_wconf 92' lang='lat' dir='ltr'><strong>in</strong></span> <span class='ocrx_word' id='word_1_360' title='bbox 917 3785 1054 3851; x_wconf 87' lang='lat' dir='ltr'><strong>nummis</strong></span> <span class='ocrx_word' id='word_1_361' title='bbox 1074 3803 1141 3851; x_wconf 90' lang='lat' dir='ltr'><strong>esso</strong></span> <span class='ocrx_word' id='word_1_362' title='bbox 1160 3785 1287 3851; x_wconf 84' lang='lat' dir='ltr'><strong>fundata</strong></span> <span class='ocrx_word' id='word_1_363' title='bbox 1305 3801 1402 3866; x_wconf 91' lang='lat' dir='ltr'><strong>eoque</strong></span> <span class='ocrx_word' id='word_1_364' title='bbox 1416 3783 1549 3864; x_wconf 76' lang='lat' dir='ltr'><strong>tenqu</strong></span> <span class='ocrx_word' id='word_1_365' title='bbox 1569 3785 1605 3849; x_wconf 92' lang='lat' dir='ltr'><strong>ut</strong></span> <span class='ocrx_word' id='word_1_366' title='bbox 1619 3784 1708 3864; x_wconf 85' lang='lat' dir='ltr'><strong>sciat,</strong></span> <span class='ocrx_word' id='word_1_367' title='bbox 1726 3783 1878 3867; x_wconf 88' lang='lat' dir='ltr'><strong>quomodo</strong></span> <span class='ocrx_word' id='word_1_368' title='bbox 1893 3783 2010 3866; x_wconf 91' lang='lat' dir='ltr'><strong>optimo</strong></span> 
     </span>
     <span class='ocr_line' id='line_1_30' title="bbox 249 3900 2009 4006; baseline -0.001 -38"><span class='ocrx_word' id='word_1_369' title='bbox 249 3901 395 4006; x_wconf 74' lang='lat' dir='ltr'><strong>pecunius</strong></span> <span class='ocrx_word' id='word_1_370' title='bbox 413 3900 528 3984; x_wconf 89' lang='lat' dir='ltr'><strong>aliquis</strong></span> <span class='ocrx_word' id='word_1_371' title='bbox 548 3919 654 3986; x_wconf 88' lang='lat' dir='ltr'><strong>parare</strong></span> <span class='ocrx_word' id='word_1_372' title='bbox 673 3903 790 3987; x_wconf 86' lang='lat' dir='ltr'><strong>possit,</strong></span> <span class='ocrx_word' id='word_1_373' title='bbox 815 3904 888 3987; x_wconf 90' lang='lat' dir='ltr'><strong>quia</strong></span> <span class='ocrx_word' id='word_1_374' title='bbox 910 3905 1015 3970; x_wconf 89' lang='lat' dir='ltr'><strong>autem</strong></span> <span class='ocrx_word' id='word_1_375' title='bbox 1035 3904 1083 3969; x_wconf 86' lang='lat' dir='ltr'><strong>ita</strong></span> <span class='ocrx_word' id='word_1_376' title='bbox 1102 3903 1300 3988; x_wconf 81' lang='lat' dir='ltr'><strong>pecuniarum</strong></span> <span class='ocrx_word' id='word_1_377' title='bbox 1320 3902 1507 3987; x_wconf 79' lang='lat' dir='ltr'><strong>procreatrix</strong></span> <span class='ocrx_word' id='word_1_378' title='bbox 1525 3903 1578 3982; x_wconf 75' lang='lat' dir='ltr'><strong>sit</strong></span> <span class='ocrx_word' id='word_1_379' title='bbox 1600 3903 1679 3968; x_wconf 86' lang='lat' dir='ltr'><strong>hanc</strong></span> <span class='ocrx_word' id='word_1_380' title='bbox 1702 3902 1802 3968; x_wconf 89' lang='lat' dir='ltr'><strong>solam</strong></span> <span class='ocrx_word' id='word_1_381' title='bbox 1823 3900 1862 3965; x_wconf 86' lang='lat' dir='ltr'><strong>ob</strong></span> <span class='ocrx_word' id='word_1_382' title='bbox 1883 3917 2009 3966; x_wconf 88' lang='lat' dir='ltr'><strong>causam</strong></span> 
     </span>
     <span class='ocr_line' id='line_1_31' title="bbox 250 4018 2009 4107; baseline -0.002 -21"><span class='ocrx_word' id='word_1_383' title='bbox 250 4038 287 4086; x_wconf 88' lang='lat' dir='ltr'><strong>ex</strong></span> <span class='ocrx_word' id='word_1_384' title='bbox 313 4018 478 4086; x_wconf 88' lang='lat' dir='ltr'><strong>eorundem</strong></span> <span class='ocrx_word' id='word_1_385' title='bbox 498 4020 659 4088; x_wconf 89' lang='lat' dir='ltr'><strong>hominurn</strong></span> <span class='ocrx_word' id='word_1_386' title='bbox 689 4022 955 4106; x_wconf 77' lang='lat' dir='ltr'><strong>argumentatione</strong></span> <span class='ocrx_word' id='word_1_387' title='bbox 983 4021 1079 4088; x_wconf 87' lang='lat' dir='ltr'><strong>etium</strong></span> <span class='ocrx_word' id='word_1_388' title='bbox 1099 4039 1154 4106; x_wconf 92' lang='lat' dir='ltr'><strong>pro</strong></span> <span class='ocrx_word' id='word_1_389' title='bbox 1174 4022 1355 4098; x_wconf 81' lang='lat' dir='ltr'><strong>divitiarum</strong></span> <span class='ocrx_word' id='word_1_390' title='bbox 1375 4022 1577 4107; x_wconf 86' lang='lat' dir='ltr'><strong>procreatrice</strong></span> <span class='ocrx_word' id='word_1_391' title='bbox 1600 4021 1745 4098; x_wconf 85' lang='lat' dir='ltr'><strong>habetur,</strong></span> <span class='ocrx_word' id='word_1_392' title='bbox 1775 4019 1929 4104; x_wconf 88' lang='lat' dir='ltr'><strong>siquidem</strong></span> <span class='ocrx_word' id='word_1_393' title='bbox 1953 4020 2009 4084; x_wconf 88' lang='lat' dir='ltr'><strong>isti</strong></span> 
     </span>
     <span class='ocr_line' id='line_1_32' title="bbox 250 4137 2009 4224; baseline -0.002 -18"><span class='ocrx_word' id='word_1_394' title='bbox 250 4139 377 4206; x_wconf 75' lang='lat' dir='ltr'><strong>diutins</strong></span> <span class='ocrx_word' id='word_1_395' title='bbox 398 4140 431 4204; x_wconf 95' lang='lat' dir='ltr'><strong>in</strong></span> <span class='ocrx_word' id='word_1_396' title='bbox 451 4138 583 4206; x_wconf 83' lang='lat' dir='ltr'><strong>romnis</strong></span> <span class='ocrx_word' id='word_1_397' title='bbox 611 4142 744 4224; x_wconf 80' lang='lat' dir='ltr'><strong>ponunt,</strong></span> <span class='ocrx_word' id='word_1_398' title='bbox 773 4141 846 4224; x_wconf 91' lang='lat' dir='ltr'><strong>qnia</strong></span> <span class='ocrx_word' id='word_1_399' title='bbox 869 4157 919 4206; x_wconf 90' lang='lat' dir='ltr'><strong>ars</strong></span> <span class='ocrx_word' id='word_1_400' title='bbox 941 4141 1086 4224; x_wconf 84' lang='lat' dir='ltr'><strong>quaestus</strong></span> <span class='ocrx_word' id='word_1_401' title='bbox 1107 4139 1240 4204; x_wconf 72' lang='lat' dir='ltr'><strong>molendi</strong></span> <span class='ocrx_word' id='word_1_402' title='bbox 1259 4141 1292 4206; x_wconf 90' lang='lat' dir='ltr'><strong>et</strong></span> <span class='ocrx_word' id='word_1_403' title='bbox 1317 4141 1512 4224; x_wconf 80' lang='lat' dir='ltr'><strong>negotiorum</strong></span> <span class='ocrx_word' id='word_1_404' title='bbox 1532 4138 1785 4206; x_wconf 74' lang='lat' dir='ltr'><strong>maestoricrum</strong></span> <span class='ocrx_word' id='word_1_405' title='bbox 1805 4137 2009 4222; x_wconf 85' lang='lat' dir='ltr'><strong>gerendorum</strong></span> 
     </span>
     <span class='ocr_line' id='line_1_33' title="bbox 249 4256 2009 4343; baseline -0.002 -18"><span class='ocrx_word' id='word_1_406' title='bbox 249 4275 355 4325; x_wconf 84' lang='lat' dir='ltr'><strong>reuera</strong></span> <span class='ocrx_word' id='word_1_407' title='bbox 375 4258 409 4324; x_wconf 90' lang='lat' dir='ltr'><strong>in</strong></span> <span class='ocrx_word' id='word_1_408' title='bbox 426 4258 563 4324; x_wconf 87' lang='lat' dir='ltr'><strong>nummis</strong></span> <span class='ocrx_word' id='word_1_409' title='bbox 584 4257 711 4324; x_wconf 86' lang='lat' dir='ltr'><strong>lundata</strong></span> <span class='ocrx_word' id='word_1_410' title='bbox 732 4261 789 4326; x_wconf 91' lang='lat' dir='ltr'><strong>est.</strong></span> <span class='ocrx_word' id='word_1_411' title='bbox 819 4259 905 4340; x_wconf 83' lang='lat' dir='ltr'><strong>Quae</strong></span> <span class='ocrx_word' id='word_1_412' title='bbox 925 4258 1011 4325; x_wconf 91' lang='lat' dir='ltr'><strong>nullo</strong></span> <span class='ocrx_word' id='word_1_413' title='bbox 1032 4275 1156 4343; x_wconf 88' lang='lat' dir='ltr'><strong>prorsus</strong></span> <span class='ocrx_word' id='word_1_414' title='bbox 1176 4257 1300 4324; x_wconf 85' lang='lat' dir='ltr'><strong>vinculo</strong></span> <span class='ocrx_word' id='word_1_415' title='bbox 1321 4258 1403 4324; x_wconf 84' lang='lat' dir='ltr'><strong>intur</strong></span> <span class='ocrx_word' id='word_1_416' title='bbox 1421 4277 1455 4324; x_wconf 91' lang='lat' dir='ltr'><strong>se</strong></span> <span class='ocrx_word' id='word_1_417' title='bbox 1479 4260 1651 4338; x_wconf 64' lang='lat' dir='ltr'><strong>alremont,</strong></span> <span class='ocrx_word' id='word_1_418' title='bbox 1672 4258 1735 4324; x_wconf 91' lang='lat' dir='ltr'><strong>nisi</strong></span> <span class='ocrx_word' id='word_1_419' title='bbox 1754 4256 1894 4342; x_wconf 85' lang='lat' dir='ltr'><strong>pecuniis</strong></span> <span class='ocrx_word' id='word_1_420' title='bbox 1914 4257 2009 4343; x_wconf 77' lang='grc' dir='ltr'><strong><em>(χρή-</em></strong></span> 
     </span>
     <span class='ocr_line' id='line_1_34' title="bbox 248 4375 2007 4467; baseline -0.002 -20"><span class='ocrx_word' id='word_1_421' title='bbox 248 4379 345 4464; x_wconf 85' lang='grc' dir='ltr'><strong><em>μασι)</em></strong></span> <span class='ocrx_word' id='word_1_422' title='bbox 365 4375 449 4443; x_wconf 93' lang='lat' dir='ltr'><strong>idem</strong></span> <span class='ocrx_word' id='word_1_423' title='bbox 469 4377 562 4460; x_wconf 90' lang='lat' dir='ltr'><strong>atque</strong></span> <span class='ocrx_word' id='word_1_424' title='bbox 583 4377 720 4444; x_wconf 88' lang='lat' dir='ltr'><strong>nummis</strong></span> <span class='ocrx_word' id='word_1_425' title='bbox 741 4377 942 4467; x_wconf 74' lang='grc' dir='ltr'><strong><em>(νομίσματι)</em></strong></span> <span class='ocrx_word' id='word_1_426' title='bbox 962 4378 1022 4443; x_wconf 90' lang='lat' dir='ltr'><strong>hoo</strong></span> <span class='ocrx_word' id='word_1_427' title='bbox 1042 4377 1110 4444; x_wconf 87' lang='lat' dir='ltr'><strong>loeo</strong></span> <span class='ocrx_word' id='word_1_428' title='bbox 1126 4377 1294 4462; x_wconf 76' lang='lat' dir='ltr'><strong>significari</strong></span> <span class='ocrx_word' id='word_1_429' title='bbox 1308 4393 1483 4445; x_wconf 88' lang='lat' dir='ltr'><strong>sumamus:</strong></span> <span class='ocrx_word' id='word_1_430' title='bbox 1506 4377 1587 4461; x_wconf 92' lang='lat' dir='ltr'><strong>qnod</strong></span> <span class='ocrx_word' id='word_1_431' title='bbox 1608 4379 1637 4444; x_wconf 86' lang='lat' dir='ltr'><strong>si</strong></span> <span class='ocrx_word' id='word_1_432' title='bbox 1657 4378 1818 4456; x_wconf 85' lang='lat' dir='ltr'><strong>sumimus,</strong></span> <span class='ocrx_word' id='word_1_433' title='bbox 1840 4394 1902 4442; x_wconf 93' lang='lat' dir='ltr'><strong>non</strong></span> <span class='ocrx_word' id='word_1_434' title='bbox 1915 4377 2007 4444; x_wconf 90' lang='lat' dir='ltr'><strong>modo</strong></span> 
     </span>
    </p>
   </div>
   <div class='ocr_carea' id='block_1_3' title="bbox 153 4493 2150 4582">
    <p class='ocr_par' dir='ltr' id='par_1_4' title="bbox 153 4493 2150 4582">
     <span class='ocr_line' id='line_1_35' title="bbox 153 4493 2150 4582; baseline 0 -20"><span class='ocrx_word' id='word_1_435' title='bbox 153 4567 156 4572; x_wconf 61' lang='grc'>,</span> <span class='ocrx_word' id='word_1_436' title='bbox 250 4495 382 4562; x_wconf 72' lang='lat' dir='ltr'><strong>cuculus</strong></span> <span class='ocrx_word' id='word_1_437' title='bbox 408 4494 540 4562; x_wconf 70' lang='lat' dir='ltr'><strong>vitiam</strong></span> <span class='ocrx_word' id='word_1_438' title='bbox 563 4493 654 4579; x_wconf 90' lang='lat' dir='ltr'><strong>plnne</strong></span> <span class='ocrx_word' id='word_1_439' title='bbox 683 4495 768 4562; x_wconf 89' lang='lat' dir='ltr'><strong>idem</strong></span> <span class='ocrx_word' id='word_1_440' title='bbox 793 4499 915 4575; x_wconf 87' lang='lat' dir='ltr'><strong>manet,</strong></span> <span class='ocrx_word' id='word_1_441' title='bbox 942 4497 1167 4563; x_wconf 88' lang='lat' dir='ltr'><strong>verumetiam</strong></span> <span class='ocrx_word' id='word_1_442' title='bbox 1192 4513 1228 4562; x_wconf 87' lang='lat' dir='ltr'><strong>eo</strong></span> <span class='ocrx_word' id='word_1_443' title='bbox 1250 4497 1379 4580; x_wconf 84' lang='lat' dir='ltr'><strong>augetur</strong></span> <span class='ocrx_word' id='word_1_444' title='bbox 1410 4497 1621 4582; x_wconf 85' lang='lat' dir='ltr'><strong>repugnantia,</strong></span> <span class='ocrx_word' id='word_1_445' title='bbox 1641 4496 1722 4580; x_wconf 93' lang='lat' dir='ltr'><strong>quod</strong></span> <span class='ocrx_word' id='word_1_446' title='bbox 1740 4498 1841 4562; x_wconf 87' lang='lat' dir='ltr'><strong>artem</strong></span> <span class='ocrx_word' id='word_1_447' title='bbox 1862 4499 2009 4580; x_wconf 82' lang='lat' dir='ltr'><strong>quaestus</strong></span> <span class='ocrx_word' id='word_1_448' title='bbox 2147 4567 2150 4576; x_wconf 64' lang='grc'><strong><em>,</em></strong></span> 
     </span>
    </p>
   </div>
   <div class='ocr_carea' id='block_1_4' title="bbox 247 4612 2008 5294">
    <p class='ocr_par' dir='ltr' id='par_1_5' title="bbox 247 4612 2008 5294">
     <span class='ocr_line' id='line_1_36' title="bbox 249 4612 2008 4700; baseline -0.001 -20"><span class='ocrx_word' id='word_1_449' title='bbox 249 4613 381 4680; x_wconf 69' lang='lat' dir='ltr'><strong>Mundi</strong></span> <span class='ocrx_word' id='word_1_450' title='bbox 400 4612 433 4678; x_wconf 94' lang='lat' dir='ltr'><strong>in</strong></span> <span class='ocrx_word' id='word_1_451' title='bbox 454 4612 545 4679; x_wconf 88' lang='lat' dir='ltr'><strong>initio</strong></span> <span class='ocrx_word' id='word_1_452' title='bbox 567 4612 628 4679; x_wconf 93' lang='lat' dir='ltr'><strong>loci</strong></span> <span class='ocrx_word' id='word_1_453' title='bbox 652 4615 753 4698; x_wconf 92' lang='lat' dir='ltr'><strong>specie</strong></span> <span class='ocrx_word' id='word_1_454' title='bbox 771 4616 909 4696; x_wconf 89' lang='lat' dir='ltr'><strong>tantum,</strong></span> <span class='ocrx_word' id='word_1_455' title='bbox 938 4616 971 4681; x_wconf 92' lang='lat' dir='ltr'><strong>in</strong></span> <span class='ocrx_word' id='word_1_456' title='bbox 997 4615 1058 4680; x_wconf 89' lang='lat' dir='ltr'><strong>fine</strong></span> <span class='ocrx_word' id='word_1_457' title='bbox 1085 4631 1190 4682; x_wconf 83' lang='lat' dir='ltr'><strong>resera</strong></span> <span class='ocrx_word' id='word_1_458' title='bbox 1215 4615 1249 4680; x_wconf 91' lang='lat' dir='ltr'><strong>in</strong></span> <span class='ocrx_word' id='word_1_459' title='bbox 1272 4614 1409 4680; x_wconf 89' lang='lat' dir='ltr'><strong>nummis</strong></span> <span class='ocrx_word' id='word_1_460' title='bbox 1429 4615 1565 4700; x_wconf 89' lang='lat' dir='ltr'><strong>positam</strong></span> <span class='ocrx_word' id='word_1_461' title='bbox 1586 4633 1654 4682; x_wconf 88' lang='lat' dir='ltr'><strong>esee</strong></span> <span class='ocrx_word' id='word_1_462' title='bbox 1675 4615 1883 4682; x_wconf 89' lang='lat' dir='ltr'><strong>contenditur:</strong></span> <span class='ocrx_word' id='word_1_463' title='bbox 1910 4631 2008 4697; x_wconf 91' lang='lat' dir='ltr'><strong>neque</strong></span> 
     </span>
     <span class='ocr_line' id='line_1_37' title="bbox 249 4731 2006 4822; baseline -0.002 -22"><span class='ocrx_word' id='word_1_464' title='bbox 249 4733 333 4802; x_wconf 89' lang='lat' dir='ltr'><strong>enim</strong></span> <span class='ocrx_word' id='word_1_465' title='bbox 354 4731 421 4798; x_wconf 92' lang='lat' dir='ltr'><strong>illic</strong></span> <span class='ocrx_word' id='word_1_466' title='bbox 449 4731 559 4798; x_wconf 76' lang='lat' dir='ltr'><strong>luticm</strong></span> <span class='ocrx_word' id='word_1_467' title='bbox 587 4732 640 4798; x_wconf 89' lang='lat' dir='ltr'><strong>hic</strong></span> <span class='ocrx_word' id='word_1_468' title='bbox 659 4735 773 4801; x_wconf 87' lang='lat' dir='ltr'><strong>artiore</strong></span> <span class='ocrx_word' id='word_1_469' title='bbox 800 4753 891 4801; x_wconf 89' lang='lat' dir='ltr'><strong>sensu</strong></span> <span class='ocrx_word' id='word_1_470' title='bbox 918 4735 1175 4822; x_wconf 75' lang='grc' dir='ltr'><strong><em>χρηματιστικήν</em></strong></span> <span class='ocrx_word' id='word_1_471' title='bbox 1202 4752 1311 4802; x_wconf 85' lang='lat' dir='ltr'><strong>rocem</strong></span> <span class='ocrx_word' id='word_1_472' title='bbox 1331 4734 1471 4802; x_wconf 87' lang='lat' dir='ltr'><strong>adhiberi</strong></span> <span class='ocrx_word' id='word_1_473' title='bbox 1490 4735 1523 4800; x_wconf 87' lang='lat' dir='ltr'><strong>in</strong></span> <span class='ocrx_word' id='word_1_474' title='bbox 1545 4733 1654 4801; x_wconf 91' lang='lat' dir='ltr'><strong>eodem</strong></span> <span class='ocrx_word' id='word_1_475' title='bbox 1674 4735 1833 4802; x_wconf 87' lang='lat' dir='ltr'><strong>enuntiato</strong></span> <span class='ocrx_word' id='word_1_476' title='bbox 1851 4733 2006 4817; x_wconf 88' lang='lat' dir='ltr'><strong>quispiam</strong></span> 
     </span>
     <span class='ocr_line' id='line_1_38' title="bbox 248 4847 2006 4940; baseline 0.001 -20"><span class='ocrx_word' id='word_1_477' title='bbox 248 4851 361 4920; x_wconf 84' lang='lat' dir='ltr'><strong>erodet.</strong></span> <span class='ocrx_word' id='word_1_478' title='bbox 414 4847 476 4930; x_wconf 78' lang='lat' dir='ltr'><strong>Qui</strong></span> <span class='ocrx_word' id='word_1_479' title='bbox 501 4849 599 4935; x_wconf 81' lang='lat' dir='ltr'><strong>igitur</strong></span> <span class='ocrx_word' id='word_1_480' title='bbox 623 4851 655 4916; x_wconf 95' lang='lat' dir='ltr'><strong>in</strong></span> <span class='ocrx_word' id='word_1_481' title='bbox 678 4853 789 4918; x_wconf 75' lang='grc' dir='ltr'><strong><em>οοοοιίο</em></strong></span> <span class='ocrx_word' id='word_1_482' title='bbox 812 4852 902 4920; x_wconf 90' lang='lat' dir='ltr'><strong>rebus</strong></span> <span class='ocrx_word' id='word_1_483' title='bbox 929 4871 1000 4919; x_wconf 90' lang='lat' dir='ltr'><strong>cum</strong></span> <span class='ocrx_word' id='word_1_484' title='bbox 1025 4852 1247 4938; x_wconf 84' lang='lat' dir='ltr'><strong>Bernaysio</strong></span> <span class='ocrx_word' id='word_1_485' title='bbox 1275 4853 1374 4920; x_wconf 83' lang='lat' dir='ltr'><strong>facere</strong></span> <span class='ocrx_word' id='word_1_486' title='bbox 1404 4854 1486 4934; x_wconf 82' lang='lat' dir='ltr'><strong>uult,</strong></span> <span class='ocrx_word' id='word_1_487' title='bbox 1514 4855 1543 4919; x_wconf 93' lang='lat' dir='ltr'><strong>ei</strong></span> <span class='ocrx_word' id='word_1_488' title='bbox 1565 4855 1647 4920; x_wconf 89' lang='lat' dir='ltr'><strong>certe</strong></span> <span class='ocrx_word' id='word_1_489' title='bbox 1675 4855 1767 4922; x_wconf 81' lang='lat' dir='ltr'><strong>rerba</strong></span> <span class='ocrx_word' id='word_1_490' title='bbox 1799 4853 1855 4936; x_wconf 75' lang='grc' dir='ltr'><strong>τὴν</strong></span> <span class='ocrx_word' id='word_1_491' title='bbox 1879 4881 2006 4940; x_wconf 80' lang='grc' dir='ltr'><strong><em>χρημα-</em></strong></span> 
     </span>
     <span class='ocr_line' id='line_1_39' title="bbox 248 4967 2006 5060; baseline -0.001 -20"><span class='ocrx_word' id='word_1_492' title='bbox 248 4967 390 5054; x_wconf 73' lang='grc' dir='ltr'><strong><em>τιστικὴν</em></strong></span> <span class='ocrx_word' id='word_1_493' title='bbox 411 4967 470 5038; x_wconf 73' lang='lat' dir='ltr'><strong>uel</strong></span> <span class='ocrx_word' id='word_1_494' title='bbox 490 4970 642 5056; x_wconf 67' lang='grc'><strong>(7.9811.)</strong></span> <span class='ocrx_word' id='word_1_495' title='bbox 664 4969 792 5038; x_wconf 66' lang='lat' dir='ltr'><strong>delendi</strong></span> <span class='ocrx_word' id='word_1_496' title='bbox 812 4973 894 5048; x_wconf 75' lang='grc'><strong>1111111,</strong></span> <span class='ocrx_word' id='word_1_497' title='bbox 914 4970 950 5037; x_wconf 89' lang='lat' dir='ltr'><strong>ut</strong></span> <span class='ocrx_word' id='word_1_498' title='bbox 964 4971 1087 5038; x_wconf 68' lang='lat' dir='ltr'><strong>ultimis</strong></span> <span class='ocrx_word' id='word_1_499' title='bbox 1108 4971 1210 5038; x_wconf 70' lang='lat' dir='ltr'><strong>verbi!</strong></span> <span class='ocrx_word' id='word_1_500' title='bbox 1228 4969 1283 5040; x_wconf 79' lang='grc' dir='ltr'><strong><em>διὰ</em></strong></span> <span class='ocrx_word' id='word_1_501' title='bbox 1305 4971 1339 5040; x_wconf 80' lang='grc' dir='ltr'><strong>τὸ</strong></span> <span class='ocrx_word' id='word_1_502' title='bbox 1358 4969 1425 5060; x_wconf 66' lang='grc' dir='ltr'><strong>περὶ</strong></span> <span class='ocrx_word' id='word_1_503' title='bbox 1447 4972 1533 5041; x_wconf 77' lang='grc' dir='ltr'><strong><em>ταῦτ’</em></strong></span> <span class='ocrx_word' id='word_1_504' title='bbox 1555 4967 1637 5041; x_wconf 75' lang='grc' dir='ltr'><strong><em>εἶναι</em></strong></span> <span class='ocrx_word' id='word_1_505' title='bbox 1657 4974 1730 5058; x_wconf 80' lang='grc' dir='ltr'><strong>[τήν</strong></span> <span class='ocrx_word' id='word_1_506' title='bbox 1751 4969 2006 5058; x_wconf 69' lang='grc' dir='ltr'><strong><em>χρηιιατιστικῆν</em></strong></span> 
     </span>
     <span class='ocr_line' id='line_1_40' title="bbox 247 5087 2006 5180; baseline -0.003 -19"><span class='ocrx_word' id='word_1_507' title='bbox 247 5089 316 5180; x_wconf 75' lang='grc' dir='ltr'><strong>καὶ]</strong></span> <span class='ocrx_word' id='word_1_508' title='bbox 339 5089 396 5172; x_wconf 70' lang='grc' dir='ltr'><strong><em>τὴν</em></strong></span> <span class='ocrx_word' id='word_1_509' title='bbox 416 5087 597 5172; x_wconf 66' lang='grc' dir='ltr'><strong><em>καπηλικήν</em></strong></span> <span class='ocrx_word' id='word_1_510' title='bbox 617 5089 739 5174; x_wconf 89' lang='lat' dir='ltr'><strong>plenius</strong></span> <span class='ocrx_word' id='word_1_511' title='bbox 758 5089 924 5174; x_wconf 87' lang='lat' dir='ltr'><strong>repetatur,</strong></span> <span class='ocrx_word' id='word_1_512' title='bbox 945 5089 1027 5172; x_wconf 90' lang='lat' dir='ltr'><strong>quod</strong></span> <span class='ocrx_word' id='word_1_513' title='bbox 1047 5107 1139 5174; x_wconf 87' lang='lat' dir='ltr'><strong>supra</strong></span> <span class='ocrx_word' id='word_1_514' title='bbox 1158 5089 1340 5158; x_wconf 85' lang='lat' dir='ltr'><strong>brevissime</strong></span> <span class='ocrx_word' id='word_1_515' title='bbox 1361 5090 1480 5158; x_wconf 89' lang='lat' dir='ltr'><strong>dictum</strong></span> <span class='ocrx_word' id='word_1_516' title='bbox 1501 5092 1550 5156; x_wconf 88' lang='lat' dir='ltr'><strong>ost</strong></span> <span class='ocrx_word' id='word_1_517' title='bbox 1570 5092 1619 5161; x_wconf 79' lang='grc' dir='ltr'><strong><em>διὸ</em></strong></span> <span class='ocrx_word' id='word_1_518' title='bbox 1640 5092 1682 5177; x_wconf 88' lang='lat' dir='ltr'><strong>(v.</strong></span> <span class='ocrx_word' id='word_1_519' title='bbox 1697 5091 1757 5176; x_wconf 78' lang='grc' dir='ltr'><strong>5.)τ</strong></span> <span class='ocrx_word' id='word_1_520' title='bbox 1782 5091 1816 5156; x_wconf 89' lang='lat' dir='ltr'><strong>at</strong></span> <span class='ocrx_word' id='word_1_521' title='bbox 1836 5107 1936 5156; x_wconf 90' lang='lat' dir='ltr'><strong>nonne</strong></span> <span class='ocrx_word' id='word_1_522' title='bbox 1951 5091 2006 5156; x_wconf 89' lang='lat' dir='ltr'><strong>ad-</strong></span> 
     </span>
     <span class='ocr_line' id='line_1_41' title="bbox 247 5207 2006 5294; baseline -0.001 -17"><span class='ocrx_word' id='word_1_523' title='bbox 247 5209 375 5282; x_wconf 89' lang='lat' dir='ltr'><strong>modum</strong></span> <span class='ocrx_word' id='word_1_524' title='bbox 403 5207 543 5274; x_wconf 86' lang='lat' dir='ltr'><strong>ooutorta</strong></span> <span class='ocrx_word' id='word_1_525' title='bbox 568 5209 616 5274; x_wconf 88' lang='lat' dir='ltr'><strong>est</strong></span> <span class='ocrx_word' id='word_1_526' title='bbox 640 5209 714 5276; x_wconf 87' lang='lat' dir='ltr'><strong>talis</strong></span> <span class='ocrx_word' id='word_1_527' title='bbox 742 5209 965 5278; x_wconf 70' lang='lat' dir='ltr'><strong>senonensem</strong></span> <span class='ocrx_word' id='word_1_528' title='bbox 987 5207 1198 5277; x_wconf 66' lang='lat' dir='ltr'><strong>continuatio?</strong></span> <span class='ocrx_word' id='word_1_529' title='bbox 1226 5225 1327 5276; x_wconf 85' lang='lat' dir='ltr'><strong>nonne</strong></span> <span class='ocrx_word' id='word_1_530' title='bbox 1353 5209 1432 5276; x_wconf 88' lang='lat' dir='ltr'><strong>huna</strong></span> <span class='ocrx_word' id='word_1_531' title='bbox 1457 5209 1520 5275; x_wconf 88' lang='lat' dir='ltr'><strong>fere</strong></span> <span class='ocrx_word' id='word_1_532' title='bbox 1547 5209 1650 5294; x_wconf 88' lang='lat' dir='ltr'><strong>potius</strong></span> <span class='ocrx_word' id='word_1_533' title='bbox 1679 5209 1874 5294; x_wconf 84' lang='lat' dir='ltr'><strong>expectamus</strong></span> <span class='ocrx_word' id='word_1_534' title='bbox 1893 5209 2006 5276; x_wconf 89' lang='lat' dir='ltr'><strong>seriem</strong></span> 
     </span>
    </p>
   </div>
   <div class='ocr_carea' id='block_1_5' title="bbox 0 0 2346 5830">
    <p class='ocr_par' dir='ltr' id='par_1_6' title="bbox 0 0 2346 5830">
     <span class='ocr_line' id='line_1_42' title="bbox 0 0 2346 5830; baseline 0 2"><span class='ocrx_word' id='word_1_535' title='bbox 0 0 2346 5830; x_wconf 95' lang='lat' dir='ltr'><strong> </strong></span> 
     </span>
    </p>
   </div>
  </div>
 </body>
</html>
