4610 5840
1087 386 1329 460 ,16-

336 622 409 666 suae
431 609 550 665 textum
572 607 746 682 receperat,
769 601 965 662 coniecturas
985 605 1073 662 recte
1094 601 1275 680 reprobans.
1320 600 1380 663 Vix
1400 600 1484 660 enlm
1506 599 1634 661 dubium
1656 607 1716 673 est,
1739 597 1813 677 quin
1830 597 1993 659 vorborum
2011 615 2083 658 cor-

335 729 498 802 ruptorum
518 717 627 805 rpirou
647 709 836 803 virerciprcv
859 737 931 779 vera
944 719 997 792 sit,
1019 737 1108 797 quam
1124 736 1208 779 nunc
1223 719 1353 792 invenit,
1373 717 1549 778 emendatio
1571 713 1664 800 rpro'io
1685 712 1877 799 ιιμηιιάιων,
1899 733 2080 794 quamquam

335 861 375 902 ne
397 842 443 904 slc
464 841 590 921 quidem
611 845 732 900 eertum
753 845 812 910 est,
836 844 939 898 utrum
962 856 1097 917 sequens
1117 856 1241 916 quoque
1262 835 1325 902 τῶν
1346 833 1500 922 τετάρτων
1507 883 1518 917 ,
1540 842 1575 897 ut
1596 835 1650 896 ille
1671 835 1749 912 vult,
1770 835 1802 896 ln
1823 833 1885 898 τῶν
1900 831 2082 917 τιμημάτων

335 959 518 1037 capotius,
547 966 582 1018 ut
602 976 620 1016 a
638 954 851 1036 compluribus
872 961 965 1016 antea
987 954 1103 1015 laetum
1125 961 1192 1030 est,
1222 954 1255 1015 in
1285 952 1348 1019 crdo
1369 951 1523 1036 rerrcipeu
1545 955 1725 1015 mutandum
1748 973 1806 1028 an,
1841 952 1872 1012 ld
1901 952 1982 1031 qnod
2004 950 2081 1012 mibi

338 1076 463 1156 quidem
485 1095 557 1138 vero
581 1076 754 1156 proximum
774 1092 845 1134 esse
860 1073 993 1149 videtur,
1016 1075 1142 1135 omnino
1165 1072 1388 1136 secludendum
1410 1073 1452 1134 sit
1466 1079 1575 1152 utpote
1597 1072 1809 1152 dittographia
1824 1079 1925 1132 ortum
1947 1090 1966 1129 e
1979 1069 2081 1130 verbis

336 1195 399 1254 iilis
421 1194 679 1256 antecedentibus
698 1195 759 1254 ism
782 1197 873 1252 antea
891 1192 929 1252 ad
951 1191 1034 1252 bunc
1057 1191 1182 1251 modum
1204 1191 1359 1270 corruptis
1380 1179 1399 1270 ἢ
1421 1187 1583 1273 rsrdproo.
1625 1191 1735 1270 Neque
1750 1191 1852 1252 minus
1869 1191 1977 1269 probo,
1998 1188 2080 1267 quod

335 1315 508 1393 suspicatus
537 1321 586 1374 est
614 1313 662 1372 vir
692 1311 856 1390 egregius,
884 1311 940 1370 sub
967 1308 1154 1391 imperfecto
1175 1299 1232 1390 ἦν,
1259 1309 1342 1388 quod
1370 1308 1485 1389 legitur
1508 1317 1579 1389 post
1600 1306 1680 1387 aliqu
1700 1305 1740 1372 οὖ
1761 1306 1861 1372 πᾶσιν
1885 1302 2078 1391 ἐκάνσιγκες,

335 1433 520 1493 delitescere
538 1421 557 1508 ἢ
581 1430 779 1510 particulam,
806 1429 863 1490 sed
885 1447 946 1489 non
963 1429 1060 1501 item,
1090 1427 1172 1506 qnod
1193 1423 1273 1506 πλὴν
1293 1416 1312 1506 ἢ
1340 1426 1400 1488 hoc
1423 1446 1545 1508 quoque
1574 1427 1643 1488 loco
1664 1436 1700 1488 ut
1725 1427 1794 1487 aliis
1817 1445 1874 1506 pro
1895 1425 1979 1486 nudo
2001 1417 2080 1500 aliur

335 1552 470 1632 positum
493 1569 563 1610 esse
585 1547 761 1623 contendit,
784 1547 939 1626 quonium,
962 1554 997 1606 ut
1018 1546 1059 1607 de
1081 1547 1244 1607 verborum
1261 1545 1469 1606 collocatione
1492 1553 1626 1622 taceam,
1648 1564 1709 1606 non
1734 1554 1852 1626 partem
1875 1562 2000 1614 eorum,
2027 1543 2077 1621 qui

336 1669 470 1750 primae,
491 1668 668 1747 sectandae,
688 1666 802 1728 tertiae
825 1666 948 1738 classis,
970 1665 1026 1726 sed
1047 1684 1155 1725 ornnes
1178 1665 1231 1744 qui
1253 1672 1381 1743 quartas
1405 1665 1488 1725 eires
1507 1671 1600 1740 sunt,
1622 1665 1660 1726 ab
1682 1662 1822 1743 eligendi
1846 1662 1969 1736 olflcio,
1990 1662 2017 1722 si
2036 1661 2079 1720 ita

335 1790 468 1864 malunt,
496 1788 631 1849 liberere
658 1760 764 1846 voluit
778 1784 879 1846 Plato.
921 1783 1006 1863 Ergo
1029 1776 1208 1845 conectitur
1229 1785 1335 1865 potius
1356 1777 1522 1864 solentius
1548 1783 1769 1844 coniunctione
1795 1783 1855 1843 boo
1883 1781 2077 1842 enuntiatum

335 1927 402 1970 cum
424 1905 630 1968 antecedente
653 1910 687 1964 et
705 1893 725 1982 ἢ
748 1903 867 1985 pendet
888 1922 908 1964 e
928 1902 1030 1963 serbis
1052 1897 1092 1965 οὐ
1112 1899 1213 1966 πᾶσιν
1234 1899 1434 1988 ἐπάναγκες,
1455 1901 1538 1962 unde
1559 1901 1716 1981 sequitur,
1739 1907 1773 1962 ut
1795 1919 1859 1961 non
1881 1889 1899 1980 ἢ
1921 1899 1975 1961 sed
1996 1895 2075 1962 ἀλλ’

334 2018 353 2105 ἢ
375 2032 602 2104 exspectemus,
624 2041 704 2095 oum,
727 2022 759 2082 id
781 2019 864 2100 quod
880 2020 954 2095 dixi,
976 2039 1040 2080 non
1066 2039 1174 2081 omnes
1199 2021 1300 2097 circs,
1329 2020 1385 2081 sed
1408 2039 1461 2081 eos
1483 2027 1614 2094 tantum,
1637 2019 1689 2100 qui
1714 2020 1806 2080 trium
1823 2019 1967 2080 classium
1989 2018 2078 2078 locu-

334 2145 502 2226 pletiorum
530 2149 618 2216 suat,
643 2160 763 2221 poenae
790 2146 875 2200 metu
902 2140 1105 2200 obstrinxerit
1124 2138 1228 2212 Plato,
1259 2147 1294 2200 ut
1319 2140 1367 2200 ius
1398 2138 1524 2200 creandi
1546 2157 1653 2199 revera
1683 2145 1858 2200 exercesnt.
1901 2137 1948 2198 No
1975 2145 2077 2198 umen

335 2264 428 2326 nimis
449 2262 548 2324 audax
573 2261 651 2320 haec
681 2261 861 2320 coniectura
887 2258 1044 2334 uideatur,
1071 2259 1132 2318 iam
1153 2265 1245 2319 antea
1264 2265 1337 2338 post
1364 2255 1530 2340 αἱροῦνται
1549 2251 1609 2340 μὲν
1633 2253 1701 2342 γὰρ
1720 2253 1834 2332 πάντες
1863 2257 1979 2336 legitur
2005 2253 2077 2320 tat-

334 2407 456 2467 ναγκες
473 2375 554 2462 ἀλλ’,
575 2378 630 2440 ubi
651 2373 834 2462 ἐπάναγκες
852 2378 911 2438 iam
932 2376 1053 2437 Schlo
1066 2395 1175 2437 ssero
1195 2383 1375 2456 suspectum
1398 2385 1480 2452 erat,
1500 2376 1588 2438 cuius
1610 2376 1767 2437 sententia
1788 2375 1882 2437 etlam
1905 2375 2077 2437 Schnei-

335 2502 435 2563 dero
457 2518 521 2562 non
544 2515 673 2580 prorsus
695 2494 866 2577 displicuit,
889 2513 948 2555 nec
965 2502 1073 2575 potest
1093 2496 1220 2576 negari,
1247 2515 1352 2557 secum
1373 2496 1475 2575 ipsum
1499 2514 1639 2575 pugnare
1667 2497 1730 2573 qui,
1754 2500 1915 2574 postquam
1937 2494 2077 2555 omnibus

335 2620 452 2682 civibus
478 2616 616 2697 eligendi
643 2615 862 2676 necessitatem
890 2613 1065 2695 impositam
1091 2633 1160 2676 esse
1187 2615 1316 2690 dixerit,
1347 2615 1391 2675 ita
1414 2620 1537 2690 tamen,
1566 2620 1600 2674 ut
1621 2633 1639 2675 e
1662 2613 1761 2674 tribus
1780 2619 1899 2674 tantam
1929 2613 2077 2675 classibus

335 2737 548 2818 superioribus
570 2752 678 2795 omnes
700 2739 852 2812 cogantur
872 2734 1030 2811 sequetem
1053 2733 1285 2794 candidatorum
1309 2752 1471 2794 uurmerum
1493 2732 1631 2812 eligere,
1654 2731 1758 2792 statim
1779 2730 1888 2806 addat,
1913 2739 2075 2813 exceptum

335 2864 439 2917 tamen
459 2872 528 2914 esse
551 2872 568 2912 e
591 2851 685 2912 tertia
706 2850 805 2912 classe
827 2851 1088 2930 designandorum
1112 2852 1282 2927 delectum,
1309 2852 1342 2912 ln
1366 2871 1427 2932 quo
1448 2858 1575 2930 quartae
1597 2851 1715 2912 civibus
1736 2851 1825 2912 nulla
1846 2852 1888 2911 sit
1910 2853 2074 2933 obligati03

336 2980 499 3058 praeterea
523 2977 625 3031 autem
653 2970 746 3029 etism
765 2965 832 3032 aba
845 3016 855 3050 ‚
882 2970 932 3030 vel
959 2976 1084 3032 retento
1112 2971 1162 3030 vel
1184 2977 1291 3050 spreto
1314 2967 1496 3055 ἐπάναγκες
1521 2969 1687 3042 vocabulo,
1712 2988 1907 3050 nequaquam
1934 2969 1977 3031 lbi
2008 2989 2077 3032 ease

336 3093 502 3155 terendum
536 3088 667 3150 videtur.
711 3087 899 3165 Quemquam
936 3089 1036 3163 enim,
1068 3095 1104 3149 ut
1137 3088 1357 3168 oligsrchioam
1389 3107 1458 3150 esse
1492 3088 1573 3148 hanc
1607 3096 1735 3149 senatus
1769 3088 1895 3150 creandi
1924 3089 2076 3151 rationem

335 3214 575 3283 demonstraret,
597 3207 715 3286 optime
735 3204 840 3266 dicere
861 3205 964 3285 potuit
977 3206 1184 3282 Aristoteles,
1198 3208 1235 3269 ab
1252 3207 1394 3268 omnibus
1416 3205 1540 3284 quidem
1563 3204 1651 3285 eligi,
1673 3225 1779 3267 verum
1794 3223 1859 3266 non
1883 3227 1922 3268 ex
1936 3208 2077 3270 omnibus

335 3331 522 3415 promiscue,
542 3325 599 3387 sed
620 3343 726 3406 parem
753 3343 905 3404 equoque
925 3322 1024 3386 classe
1046 3345 1220 3401 numerum,
1243 3333 1347 3388 umen
1371 3325 1398 3386 si
1413 3325 1472 3386 boc
1489 3325 1598 3402 voluit,
1619 3345 1697 3404 quse
1720 3332 1871 3386 secuntur
1884 3325 2077 3387 adnectenda

336 3457 427 3514 erant
447 3467 511 3510 non
531 3442 612 3525 πλὴν
630 3444 798 3526 particula,
823 3462 901 3522 quae
924 3442 1179 3521 diminutionem,
1206 3444 1262 3506 sed
1286 3445 1347 3505 alia
1366 3445 1518 3525 quadam,
1550 3463 1627 3523 quae
1648 3453 1772 3505 auctum
1794 3443 1967 3524 signifieat,
1994 3447 2077 3525 quod

336 3572 418 3632 enim
440 3583 542 3649 poena
563 3584 625 3626 non
647 3570 796 3624 tenentur
815 3563 848 3621 in
868 3560 1023 3640 eligendis
1045 3563 1157 3622 tertiae
1178 3562 1286 3623 classis
1307 3562 1480 3624 candidatis
1500 3563 1598 3637 tertii,
1619 3563 1652 3624 in
1665 3570 1792 3642 quartae
1810 3563 1896 3624 tertii
1914 3563 2076 3643 quartique

335 3688 454 3750 ordinis
469 3687 563 3756 cives,
586 3684 613 3743 si
633 3682 701 3742 iure
717 3679 844 3759 suffragi
865 3698 931 3740 non
947 3685 1086 3754 utuntur,
1101 3679 1185 3740 baud
1201 3679 1293 3741 dubie
1315 3681 1467 3743 rationem
1483 3681 1566 3742 illam
1591 3681 1809 3761 aligarcbicam
1825 3683 1955 3742 maxime
1973 3690 2076 3762 auget.

336 3809 370 3870 Si
392 3807 492 3888 igitur
513 3823 531 3866 e
559 3802 665 3888 priore
687 3801 758 3860 loco
777 3801 810 3860 in
832 3799 1039 3879 posteriorem
1061 3816 1184 3879 quoque
1207 3795 1274 3862 ἀλλ’
1296 3800 1486 3877 inseramus,
1513 3802 1546 3862 ia
1567 3801 1624 3861 illo
1650 3807 1755 3861 autem
1776 3801 1866 3861 ambo
1894 3802 1987 3862 uerba
2004 3799 2075 3866 tut

225 3955 228 3960 ·
334 3951 456 4012 υαγκες
480 3917 545 3988 ἀλλ’
569 3922 812 4000 exstinguamus,
834 3918 939 3978 omnia
961 3919 1053 3998 plana
1076 3918 1310 4002 durotqualem
1335 3920 1521 3980 emendandi
1544 3921 1696 3980 rationem
1711 3919 1743 3980 in
1763 3919 1921 3979 veteribus
1941 3920 2078 4000 scripto-

334 4047 420 4109 ribus
435 4045 472 4104 ab
495 4047 562 4103 arte
578 4040 685 4100 critica
706 4037 833 4098 minime
852 4037 1033 4112 abhorrere,
1053 4037 1114 4097 iarn
1136 4037 1190 4097 alil
1213 4038 1478 4118 observaruntss),
1502 4047 1535 4098 ut
1550 4039 1582 4099 id
1599 4058 1692 4100 unum
1708 4037 1785 4098 mibi
1805 4037 1945 4118 rcrrrpuli
1960 4037 2078 4118 aliquid

334 4165 452 4236 iniciat,
475 4161 559 4240 quod
581 4154 661 4238 πλὴν
683 4157 793 4218 eodem
818 4156 910 4217 modo
932 4174 967 4215 ac
989 4151 1039 4236 di,
1056 4151 1157 4236 ἀλλά,
1177 4152 1302 4238 μέντοι,
1324 4152 1426 4220 καίτοι
1449 4156 1620 4236 particulae
1639 4150 1698 4238 μὲν
1726 4155 1903 4237 oppositum
1925 4175 1974 4217 me
2001 4157 2077 4217 aiibi

334 4287 441 4363 legere
460 4299 523 4342 non
545 4277 682 4339 memini.
725 4275 872 4338 Ceterum
894 4271 1118 4348 Muretusu)
1147 4292 1269 4353 quoque
1290 4276 1376 4355 prius
1397 4275 1475 4337 illud
1497 4270 1564 4338 ἀλλ’
1589 4275 1756 4336 delendum
1783 4293 1853 4335 esse
1875 4275 2016 4351 censuit,
2043 4277 2077 4336 in

333 4400 421 4462 cuius
441 4396 543 4457 locum
564 4394 754 4455 substituere
767 4391 866 4452 voluit
884 4391 1006 4470 signum
1027 4392 1187 4454 numerale
1208 4389 1250 4492 ς’,
1274 4398 1308 4455 ut
1329 4384 1419 4468 ἴσους
1439 4395 1471 4454 in
1494 4393 1632 4454 secundo
1650 4394 1788 4454 membro
1804 4394 1939 4473 positum
1953 4394 2077 4466 babeat,

334 4517 374 4578 ad
395 4514 477 4597 quod
497 4515 529 4572 in
552 4513 651 4591 primo
675 4510 849 4585 referatur,
877 4516 910 4570 at
933 4509 1014 4571 nihil
1041 4511 1166 4573 confert
1187 4513 1225 4572 ad
1253 4513 1472 4591 oligarcbicsm
1494 4512 1588 4574 buius
1609 4511 1750 4573 delectus
1772 4519 1924 4587 naturam,
1946 4519 2079 4592 quantur

334 4638 376 4698 ait
405 4651 566 4714 aquaque
593 4631 692 4692 classe
720 4629 983 4710 designandorum
1009 4648 1066 4710 par
1090 4629 1147 4691 ille
1175 4649 1339 4706 numerus,
1366 4631 1563 4710 quamobrem
1591 4631 1663 4692 data
1690 4649 1785 4711 opera
1806 4631 1993 4694 Aristoteles
2017 4632 2079 4694 boe

344 4817 748 4835 Μ

501 4937 547 5001 ³3)
565 4935 604 4988 ci.
621 4933 750 4989 Vahlen
767 4939 820 4991 Zur
831 4941 916 4993 Kritik
929 4942 1133 4994 Aristotellscbor
1150 4941 1283 5003 Schrllten,
1303 4941 1413 4993 Vindob.
1436 4946 1509 4992 18111.
1528 4955 1553 5006 p.
1572 4946 1604 4992 tt
1624 4941 1663 5010 (lu
1681 4941 1777 4994 comm.
1796 4943 1868 4996 acad,
1887 4941 1996 4994 vindob
2014 4941 2077 5009 phil.

336 5021 491 5075 xxxvm
510 5038 534 5088 p.
556 5021 610 5088 tt).

500 5106 550 5174 84)
566 5106 628 5161 Ver.
647 5111 704 5161 loct.
723 5110 782 5172 XV,
804 5118 841 5164 ts.
