4610 5840
1102 339 1327 412 ..u..

339 555 396 617 sed
417 559 503 614 recte
528 551 633 632 potius
654 550 737 610 idem
760 549 903 611 Corses
927 569 961 610 se
989 551 1057 632 lpse
1081 552 1305 630 quodammodo
1330 551 1492 631 corrigens
1519 551 1580 612 lroc
1599 552 1855 614 addlttamentum
1879 571 2005 632 prorsus
2033 553 2086 613 ln·

340 674 427 747 utlle,
449 671 531 751 quod
555 669 749 730 delinitionis
763 669 980 749 perspicuitati
1001 671 1100 749 magis
1122 670 1226 732 ollicit
1247 689 1338 752 quam
1356 670 1485 752 prodest
1506 677 1588 744 (ιιιιι
1604 671 1655 748 qui
1674 669 1753 731 alius
1769 670 1903 730 hominis
1926 679 1975 730 est
1995 671 2088 731 homo

339 795 431 854 aliter
457 791 612 871 idipsum
641 789 701 850 uisi
722 795 831 868 utpote
851 786 952 878 Ιιιοιιο
975 788 1024 849 vel
1045 791 1183 868 quamvis
1204 789 1298 850 homo
1326 789 1412 850 nullo
1440 790 1531 850 modu
1553 808 1623 850 esse
1648 785 1784 871 potest),
1814 789 1990 850 eiciendum
2017 807 2087 850 esse

339 913 513 991 aruspicatus
537 910 587 970 sit.
631 909 707 968 Nem
734 927 812 986 quae
840 907 870 1004 in
901 907 1005 969 verbis
1032 904 1328 972 antecedentibus&
1351 903 1484 993 γὰρμὴ
1506 902 1659 971 αὑποῦκ.
1681 933 1707 970 ε.
1728 913 1756 970 λ.
1786 908 1988 969 acodicilsus
2007 907 2088 968 ΡΜ

339 1031 435 1092 Paris.
461 1027 524 1089 964
551 1046 607 1107 pro
635 1017 806 1106 ἅνθρωπος
833 1019 867 1089 δὲ
892 1025 1024 1085 offertur
1053 1025 1148 1087 lectio
1174 1019 1345 1109 ἅνθρωπος
1372 1016 1417 1090 dv
1448 1025 1539 1086 tunice
1566 1044 1638 1085 sera
1662 1025 1801 1102 videtur,
1833 1026 1860 1086 si
1888 1026 2011 1106 quidem
2040 1029 2088 1086 est

339 1157 448 1210 ιιιιιιι
470 1166 577 1207 sersus
590 1164 651 1206 non
674 1145 712 1216 is,
735 1144 788 1222 qui
810 1161 990 1222 quamquam
1007 1152 1117 1205 neturs
1138 1145 1217 1205 alius
1232 1145 1367 1206 hominis
1386 1152 1487 1205 tamen
1504 1146 1571 1222 ipse
1583 1143 1687 1219 homo,
1706 1144 1815 1216 sedis,
1838 1146 1891 1223 qui
1908 1163 2088 1222 quamquam

340 1270 431 1330 lromu
449 1275 551 1326 tamen
566 1272 676 1324 nutura
697 1262 775 1322 alius
791 1261 926 1321 hominis
941 1269 1000 1322 cst.
1044 1263 1211 1324 Praeterea
1235 1266 1395 1341 utriusque
1415 1263 1559 1324 lectionis
1583 1281 1693 1323 seusus
1709 1263 1735 1323 sl
1756 1282 1854 1340 aeque
1876 1265 1974 1325 bonus
1994 1269 2088 1336 essct,

341 1395 442 1448 tumen
459 1385 560 1446 codici
576 1382 622 1444 l’l
642 1382 809 1440 auctoritas
833 1381 1014 1459 saepissime
1037 1382 1134 1441 maior
1153 1400 1243 1460 quam
1259 1380 1373 1442 ceteris
1395 1389 1444 1441 est
1466 1380 1643 1452 tribuenda,
1665 1383 1782 1462 quippe
1805 1382 1856 1460 qui
1880 1400 1947 1442 cum
1970 1382 2087 1461 optimo

340 1510 440 1582 fonte,
464 1503 652 1564 Guilelmum
675 1501 754 1570 dico,
778 1499 961 1578 plerumque
973 1500 1144 1579 conspiret,
1167 1518 1226 1560 nec
1247 1518 1308 1558 ιοι
1331 1493 1376 1558 1³⁴
1395 1499 1477 1560 haud
1499 1518 1570 1558 raro
1593 1499 1732 1560 ciusdem
1753 1500 1913 1560 societatis
1934 1501 2090 1580 particeps

341 1636 399 1700 est,
416 1627 606 1704 quapropter
616 1619 667 1678 hic
682 1619 774 1679 ctiam
792 1617 980 1678 Guilelmum
995 1619 1108 1697 ipsum,
1121 1619 1181 1678 etsi
1197 1617 1282 1678 nulls
1294 1637 1330 1678 en
1346 1636 1384 1678 ec
1395 1618 1527 1678 effertur
1541 1618 1684 1689 varietas,
1699 1609 1745 1682 ἀν
1758 1637 1820 1679 uon
1834 1621 1873 1684 δέ
1884 1619 1997 1697 legisse
2010 1637 2089 1680 con-

341 1741 530 1806 lcctcverim.
574 1739 640 1798 Hac
660 1745 762 1796 autem
785 1736 922 1796 lectione
937 1737 1084 1797 restituta
1105 1745 1139 1796 ut
1154 1737 1246 1796 etism
1269 1736 1366 1816 magis
1386 1737 1534 1818 displicet
1563 1736 1641 1797 mela
1663 1737 1826 1797 verborum
1851 1727 2022 1819 denescetur
2042 1726 2088 1800 dv

342 1872 414 1946 post
440 1873 502 1923 tarn
527 1875 652 1939 parrum
681 1855 879 1915 interuallum
904 1855 1070 1934 repetitio,
1100 1874 1169 1915 cunr
1196 1855 1237 1914 sit
1257 1854 1373 1915 nullius
1394 1856 1487 1935 plene
1515 1855 1679 1928 momenti,
1704 1857 1745 1915 lta
1766 1855 1869 1915 facilis
1890 1874 1964 1915 sane
1986 1855 2071 1935 expli

341 1993 411 2045 catu
434 1982 507 2041 lite
532 1975 742 2055 dittographia
764 1981 842 2034 orta.

509 2099 569 2158 lam
594 2096 708 2156 transit
730 2094 760 2152 in
785 2091 887 2152 uerbis
909 2092 1112 2168 sequentibus
1129 2091 1316 2152 Aristoteles
1335 2090 1373 2150 ad
1396 2090 1682 2166 demonstrandum,
1705 2098 1810 2152 extare
1825 2109 1932 2153 revera
1947 2091 2089 2153 homines

342 2227 409 2304 ipsa
434 2225 543 2281 natura
567 2215 603 2275 ad
634 2212 815 2274 seruitutem
840 2209 1025 2270 destinatos:
1056 2205 1090 2272 πὸ
1112 2205 1179 2294 γὰρ
1200 2200 1329 2292 ἀρχειν,
1357 2208 1459 2286 iuquit
1480 2207 1596 2282 12540,
1625 2207 1767 2284 2148,
1791 2205 1848 2275 ml
1869 2201 2090 2293 ἀρχεσβαιοά

341 2336 515 2424 μόνοντῶν
529 2327 723 2418 ἀναγκαίων
738 2325 822 2393 ἀλλὰ
835 2323 892 2392 καί
906 2325 969 2390 cdiv
982 2321 1211 2411 συμφερόντων
1223 2322 1299 2408 ε’σπί,
1313 2323 1368 2392 καὶ
1382 2321 1480 2400 εὐθὺς
1495 2326 1672 2412 ἐκγενειῆς
1683 2320 1752 2392 ἔνια
1766 2325 1909 2408 διέστηκε
1923 2324 1963 2392 ιά
1972 2324 2032 2412 μὲν
2042 2326 2089 2393 ἐπὶ

340 2458 379 2524 τὸ·
389 2449 564 2541 ἄρχεσθαι,
580 2445 618 2516 rol
635 2446 660 2516 δ
673 2442 720 2513 ἐπί
736 2443 770 2512 ιδ
785 2438 908 2530 ἀρχειν.
921 2439 977 2511 καί
992 2435 1055 2523 είδη
1066 2440 1168 2508 πολλὰ
1181 2439 1238 2508 καί
1252 2441 1421 2526 ἀρχόντων
1436 2441 1492 2509 καί
1506 2444 1698 2530 ἀρχομένων
1713 2443 1810 2529 ἐστίν,
1825 2439 1882 2512 καί
1896 2441 1946 2511 ἀεί
1960 2445 2089 2530 βελτίων

341 2577 398 2661 δι’)
413 2571 498 2658 ἀρχὴ
518 2570 536 2652 ἡ
559 2569 622 2635 ndu
645 2563 812 2652 βελτίονων
832 2559 1033 2648 ἀρχομένων,
1054 2555 1122 2628 οἷον
1143 2560 1317 2646 ἀνθρώπου
1338 2551 1356 2643 ἢ
1377 2558 1501 2647 θηρίου·
1523 2561 1556 2628 ιδ
1577 2561 1644 2648 γάρ
1672 2560 1922 2647 ἀποτελούμενον
1943 2562 2005 2629 ἀπὸ
2029 2565 2091 2630 min

343 2690 509 2783 βελοίονων
536 2687 656 2773 βέλτιον
676 2677 789 2770 ἔργον,
814 2674 895 2749 ὅπου
918 2676 952 2746 di
974 2678 1008 2747 ιδ
1029 2675 1088 2764 μὲν
1108 2672 1200 2765 ἀρχα
1207 2729 1218 2762 ,
1245 2676 1278 2746 ιδ
1302 2677 1327 2746 δ’
1344 2671 1495 2765 ἀρχεπαι,
1518 2677 1586 2746 iuri
1603 2707 1629 2746 ιι
1657 2678 1775 2747 roriston
1802 2673 1906 2767 ἔργον.
1938 2675 2004 2746 dea
2023 2678 2090 2768 γὰρ

344 2817 381 2880 ἐκ
408 2809 559 2876 πλειόνων
586 2834 609 2871 κ
638 2831 664 2868 π.
686 2810 715 2867 λ.
759 2801 791 2862 ln
819 2802 930 2882 quibus
957 2799 1059 2860 verbis
1089 2800 1226 2860 lacunam
1251 2799 1496 2880 deprehendisse
1522 2809 1595 2861 autc
1620 2791 1686 2863 dua
1708 2794 1774 2885 γὰρ
1795 2797 1833 2864 ἐκ
1853 2796 2004 2864 πλειόνων
2031 2801 2090 2862 albi

343 2938 425 2996 visus
447 2938 496 2992 est
517 2924 777 3001 Contingius‚
795 2927 881 2980 recte
905 2919 1012 2979 multis
1035 2919 1126 2994 locis,
1148 2920 1200 2997 qui
1224 2918 1293 2978 aliis
1319 2919 1513 2998 integerrimi
1542 2919 1728 2980 ridebantur
1750 2918 1909 2992 offensus,
1935 2919 1989 2978 scd
2021 2938 2088 2978 cum

343 3073 437 3132 saepe
460 3059 615 3110 tumuere
639 3041 690 3100 lric
718 3040 757 3100 de
779 3039 834 3098 viti
853 3057 969 3116 genere
994 3035 1101 3096 falsus.
1146 3034 1253 3112 Neque
1280 3035 1389 3095 mulius
1416 3054 1467 3094 res
1496 3033 1747 3117 Selnretziot)
1774 3036 1884 3109 cessit,
1914 3039 2008 3098 verbe
2032 3031 2089 3102 καὶ

345 3164 408 3251 είδη
431 3161 532 3232 πολλὰ
555 3206 563 3222 .
585 3207 593 3222 .
617 3203 624 3219 ·
647 3154 765 3223 τούτων
789 3148 885 3240 ἔργον
907 3153 944 3238 (Ι.
965 3149 1106 3235 24-28)
1134 3153 1165 3212 in
1189 3160 1283 3232 caput
1303 3153 1470 3232 septimum
1490 3160 1562 3213 ante
1589 3149 1608 3228 ἡ
1629 3147 1689 3231 μὲν
1710 3148 1777 3238 γὰρ
1801 3149 1923 3227 ]ρ55ι’
1952 3151 1993 3214 13
2014 3157 2091 3215 ,mi-

345 3289 452 3360 cienti,
477 3303 538 3364 quo
561 3279 643 3340 lacto
666 3277 787 3338 minore
811 3275 899 3335 turbe
921 3274 961 3334 ab
983 3273 1043 3332 hoc
1066 3272 1134 3331 locu
1155 3279 1274 3331 rcnrcta
1297 3271 1395 3332 maior
1415 3271 1445 3330 iu
1467 3272 1598 3332 ulterunr
1614 3270 1702 3332 illum
1724 3271 1905 3331 intruditur.
1947 3271 1992 3332 lut
2008 3275 2090 3334 euim

344 3411 394 3470 his
417 3405 519 3467 veritis
541 3397 736 3478 interpositis
763 3387 863 3476 ἡμὶν
886 3400 918 3453 et
942 3387 958 3469 ἦ
984 3383 1017 3455 di
1041 3399 1101 3452 tam
1133 3390 1225 3470 longo
1249 3391 1414 3452 intervallo
1440 3411 1457 3450 a
1484 3386 1624 3472 φανερὸν
1645 3383 1679 3453 δὲ
1705 3383 1763 3454 καί
1783 3387 1820 3453 ἐκ
1846 3386 1965 3454 sednon
1985 3383 2031 3456 δπι
2053 3391 2092 3458 οὐ

346 3523 462 3594 ιαΐπὸν
484 3522 549 3585 ἐστι
573 3509 738 3583 δεσποτεία
755 3505 813 3578 καί
833 3505 974 3587 πολιτική
996 3510 1029 3585 (Ι.
1047 3507 1086 3570 16
1101 3505 1163 3590 sq.)
1184 3518 1368 3589 separantur
1383 3515 1506 3587 tamque
1521 3508 1618 3568 multa
1640 3507 1678 3569 de
1693 3507 1799 3568 multis
1819 3509 1973 3588 uariisque
1988 3511 2072 3592 impe

345 3645 435 3707 rendi
459 3639 558 3702 modis
573 3631 855 3715 imperantiumque
871 3634 904 3687 et
920 3628 1094 3707 parentium
1115 3627 1282 3706 generibus
1298 3627 1504 3702 disseruntur,
1526 3633 1559 3686 ut
1581 3627 1630 3688 rix
1652 3627 1702 3688 rel
1721 3627 1767 3688 sic
1790 3623 1808 3707 ἡ
1819 3621 1879 3710 μὲν
1894 3628 1933 3688 ad
1952 3627 2092 3709 πολιτική

346 3773 379 3826 ct
400 3759 419 3841 ἡ
440 3756 473 3825 δὲ
495 3757 533 3818 ad
556 3745 720 3819 decennia
750 3747 863 3808 referri
891 3754 984 3825 queat
1011 3746 1233 3825 intellegique,
1263 3745 1302 3805 de
1323 3746 1398 3806 solis
1420 3744 1469 3805 his
1491 3745 1611 3806 duobus
1636 3744 1736 3805 modis
1755 3747 1882 3824 proprio
1905 3763 2000 3806 sensu
2023 3767 2093 3810 esse

346 3896 521 3945 sermonem
544 3879 782 3947 ceterorumque
805 3864 941 3926 omnium
964 3865 997 3924 in
1021 3870 1203 3924 transcursu
1224 3871 1342 3925 tantum
1364 3865 1555 3926 mentionem
1576 3883 1646 3924 esse
1668 3863 1794 3924 factam.
1839 3864 1903 3924 Sed
1922 3885 1992 3925 cnm
2006 3875 2092 3930 recte

347 4009 378 4065 ct
401 3993 639 4072 Contingius
667 3994 700 4049 et
725 3984 964 4046 Schuetsius
992 3983 1232 4062 perspexerint,
1260 3982 1422 4043 enuntiato
1451 3982 1510 4042 hoc
1538 3972 1604 4045 δσα
1631 3977 1699 4066 γὰρ
1727 3979 1765 4044 ἔκ
1788 3977 1939 4046 πλείονων
1962 4009 1994 4048 κ.
2015 4010 2040 4052 r.
2064 3994 2093 4050 λ.

348 4140 410 4182 non
434 4132 556 4178 causam
576 4109 682 4170 alierri
703 4123 811 4166 eorum
834 4122 911 4183 quae
934 4102 966 4162 in
991 4101 1131 4180 proxime
1144 4101 1352 4163 antecedente
1371 4094 1429 4164 καί
1449 4091 1514 4178 είδη
1535 4095 1637 4164 πολλὰ
1660 4141 1668 4160 ·
1692 4147 1699 4164 .
1720 4142 1728 4159 .
1751 4095 1870 4164 roricum
1893 4091 1996 4186 ἔργων
2012 4104 2094 4166 dicta

349 4247 433 4311 sum,
455 4233 511 4296 sed
535 4243 739 4304 eorumquae
760 4224 792 4283 in
814 4222 955 4303 proximo
976 4218 1127 4280 interiore
1147 4212 1203 4283 xci
1223 4213 1322 4293 εὐθὺς
1343 4265 1350 4280 .
1373 4265 1381 4282 .
1402 4262 1410 4279 .
1432 4207 1564 4299 ἄρχειν,
1591 4235 1696 4277 nonne
1718 4217 1776 4276 hec
1797 4218 1866 4298 ipsa
1886 4238 1921 4279 re
1946 4227 2093 4303 transpo-

348 4359 464 4420 sitione
485 4352 608 4434 quidem
632 4365 710 4426 opus
736 4362 806 4404 esse
828 4347 1034 4414 monstretur,
1062 4338 1118 4398 sed
1138 4338 1296 4399 lenissima
1318 4356 1370 4410 ea,
1398 4356 1456 4415 qua
1482 4335 1559 4397 haec
1582 4335 1642 4396 διο
1666 4337 1803 4397 membra
1825 4337 1928 4400 locnm
1950 4341 2035 4402 inter
2061 4362 2094 4403 se

349 4480 487 4548 mulmis
511 4477 547 4531 ut
567 4461 625 4532 καὶ
642 4457 769 4540 εὐδὺς·
793 4505 801 4524 ·
824 4509 832 4525 ·
859 4449 973 4543 ἄρχειν
994 4459 1088 4520 verbe
1110 4463 1181 4537 post
1201 4452 1257 4520 καί
1279 4448 1343 4535 εἴδη
1366 4499 1374 4516 .
1395 4498 1403 4516 .
1426 4501 1434 4519 .
1456 4450 1575 4518 τούτων
1594 4453 1745 4516 ιοΙΙοοιιι
1770 4455 1866 4516 nullis
1893 4458 1962 4519 aliis
1991 4461 2096 4522 inter.

347 4597 438 4659 iectis
461 4610 529 4652 curu
552 4579 617 4653 ica
636 4577 703 4668 γὰρ
726 4608 758 4646 οι.
781 4604 806 4645 ι.
828 4585 855 4642 l..
878 4587 1024 4656 tanquam
1047 4575 1179 4637 effectus
1201 4594 1268 4635 curn
1292 4594 1383 4636 οιιιιι
1405 4592 1460 4634 sua
1475 4573 1726 4654 coniungantur-‘l
1769 4575 1814 4636 Et
1834 4594 1941 4636 revera
1955 4576 2001 4638 sic
2021 4599 2095 4658 ger.

348 4731 473 4779 manum
495 4703 721 4769 sententiarum
750 4697 892 4759 ordinem
921 4713 993 4756 esse
1014 4695 1195 4755 restitutum
1221 4693 1370 4754 facillime
1398 4693 1531 4752 fortasse
1551 4691 1656 4752 addita
1677 4693 1770 4755 etlam
1793 4693 1885 4753 huius
1904 4693 1965 4754 loci
1990 4681 2094 4758 inter.

349 4831 528 4916 pretatioue
556 4819 721 4882 vernacula
746 4814 966 4894 intellegetur:
997 4811 1110 4889 „uena
1139 4810 1319 4872 llerrschcn
1350 4810 1415 4871 und
1440 4809 1757 4872 Beherrsclrtwerden
1784 4811 1898 4892 gehdrt
1923 4813 2012 4876 nicht
2036 4836 2096 4877 nur

349 4973 387 5014 ιι
412 4951 471 5011 den
496 4939 758 5016 nothweudigen,
785 4934 922 4995 scuderu
945 4931 1024 4992 auch
1044 4924 1159 4991 auden
1182 4930 1363 4992 niitsliclren
1387 4917 1528 5010 llingeu',
1554 4929 1617 4990 und
1640 4948 1673 4992 cs
1703 4931 1789 5010 gicht
1808 4931 1888 4992 sicle
1910 4932 2009 4994 Arten
2035 4954 2095 4998 von

351 5071 766 5100 ...-----—--·

516 5151 530 5194 ι
564 5141 672 5193 seclusit
691 5137 820 5190 (loreas.

516 5145 545 5297 ιζ
564 5229 604 5278 Dc
614 5226 780 5278 laudamentis
790 5223 949 5289 reipublicae,
959 5239 1024 5288 qaae
1034 5224 1113 5288 primo
1119 5223 1282 5274 Politiccrum
1292 5221 1356 5272 libro
1366 5219 1398 5271 ab
1405 5220 1541 5272 Aristotele
1550 5222 1632 5288 posita
1641 5225 1709 5269 ιιιιιι.
1721 5217 1850 5270 Potsdam.
1864 5223 1937 5269 1860.
1948 5236 1972 5285 p.
1979 5226 2002 5272 6.
2010 5238 2047 5288 ιρ.
2058 5229 2096 5274 ll.
