4610 5840
961 495 1210 606 -rsff

201 715 358 798 reapse:
387 715 496 792 καλᾶς
521 715 554 801 (l.
577 715 618 782 37
638 717 706 800 sq),
735 715 807 797 quia
834 713 931 780 nimia
955 713 1104 778 bonorum
1131 711 1335 794 inaequalitas
1363 708 1531 776 seditiones
1555 701 1689 773 mdverit
1717 721 1823 769 omnes
1844 700 1878 786 (l
1902 698 1968 783 38),

202 849 262 914 qua
290 831 398 896 ιιιιιιιι
426 833 568 917 opinione
594 834 751 917 permotus
776 830 852 918 (διὸ)
879 831 970 896 huius
998 832 1057 897 viti
1084 833 1286 898 abolitionem
1316 831 1503 915 principium
1529 846 1597 892 esse
1625 823 1755 892 credidit
1781 817 1967 904 reipublicae

201 952 278 1018 bene
298 953 568 1020 administrandae.
612 953 664 1018 Sic
683 954 780 1038 igitur
800 954 931 1039 πρῶτον,
954 951 983 1016 si
1002 951 1081 1016 hanc
1102 951 1267 1035 recipimus
1290 949 1548 1024 emendationem,
1570 947 1606 1010 ut
1628 945 1718 1010 οιιιιι
1738 935 1896 1026 ducerer
1919 936 1966 999 est

203 1073 475 1158 interpretandum,
498 1075 637 1153 nonita,
659 1074 792 1157 idquod
814 1073 1167 1156 Spengelinsvoluit,
1194 1074 1231 1136 ut
1254 1073 1313 1137 hoc
1339 1071 1475 1154 primum
1499 1069 1533 1133 in
1559 1065 1647 1131 libris
1679 1063 1743 1129 suis
1771 1060 1809 1124 dc
1837 1055 1964 1122 civitate

203 1193 326 1278 scriptis
355 1195 570 1278 exagitaverit,
600 1213 673 1260 narn
699 1195 728 1259 si
749 1194 952 1259 Aristotelem
974 1192 1131 1269 audimus,
1159 1191 1282 1256 omnino
1304 1189 1356 1256 vix
1376 1186 1461 1252 eliud
1482 1184 1556 1268 quid
1580 1183 1613 1248 in
1634 1183 1679 1248 eis
1700 1179 1871 1262 exagitasse
1892 1192 1965 1240 cen·

203 1311 314 1376 sendus
343 1313 399 1378 est.
444 1311 653 1396 Quamquam,
683 1313 711 1377 si
735 1312 812 1376 haec
842 1329 913 1376 uera
939 1311 1031 1376 lectio
1062 1313 1124 1389 est,
1151 1311 1208 1380 eal
1235 1312 1307 1376 ante
1342 1308 1469 1376 Φιλίαν
1493 1305 1634 1370 additum
1665 1299 1838 1383 exspectem
1863 1309 1962 1376 neque

200 1432 321 1515 ignoro,
352 1431 380 1494 si
408 1433 528 1517 apricos
554 1431 718 1507 scribatur,
746 1430 932 1495 sententiam
958 1430 1088 1496 existere
1115 1451 1135 1497 a
1161 1432 1366 1518 cogitatorum
1391 1426 1595 1513 perpetuitate
1621 1441 1681 1488 non
1702 1435 1827 1504 prorsus
1849 1413 1960 1479 abhor-

198 1551 334 1615 rentem:
357 1551 432 1615 tunc
453 1550 535 1616 enim
556 1551 674 1635 primus
695 1551 754 1615 erit
774 1551 915 1628 Phaleas,
936 1568 1027 1633 quem
1049 1553 1156 1619 eadem
1174 1553 1230 1618 illa
1251 1551 1354 1636 opinio
1376 1548 1514 1632 impulit,
1535 1547 1572 1611 ut
1593 1545 1631 1610 de
1650 1540 1790 1608 absoluta
1810 1537 1960 1603 bonorum

198 1669 383 1752 aequalitate
402 1667 571 1734 inducenda
590 1668 748 1751 agiae,
770 1670 803 1733 et
823 1666 879 1737 καὶ
900 1671 983 1734 recte
1004 1670 1079 1734 ιιιιιι
1099 1672 1194 1738 deest.

362 1788 507 1871 Sequitur
527 1789 660 1854 Phaleae
679 1789 834 1854 relrrtatio.
878 1789 919 1854 ur
944 1790 1079 1873 primum
1105 1791 1228 1874 quidem
1256 1789 1334 1855 dicit
1349 1785 1550 1860 Aristoteles,
1577 1783 1630 1865 qui
1650 1781 1800 1846 bonoram
1821 1772 1959 1855 amirali-

196 1910 294 1974 tatem
315 1909 477 1975 instituere
496 1910 589 1988 velit,
611 1910 641 1975 ei
661 1909 828 1976 liberorum
851 1927 970 1993 quoquo
993 1911 1247 1994 procreandorum
1267 1925 1429 1975 numerum
1450 1923 1517 1972 esse
1538 1900 1759 1976 deliniendum,
1784 1913 1876 1978 quem
1896 1909 1957 1958 non

196 2027 368 2095 definiverit
388 2031 529 2109 Phaleae,
551 2030 669 2111 1266b,
691 2031 806 2095 8-14.
850 2031 930 2096 Tum
950 2051 1012 2097 non
1032 2030 1209 2114 aequalibus
1230 2029 1351 2093 tantum
1372 2025 1461 2090 bonis
1482 2039 1556 2107 opus
1578 2037 1659 2096 esse,
1681 2018 1711 2082 si
1727 2033 1802 2099 opus
1823 2012 1880 2090 sit,
1902 2009 1956 2116 sed

195 2147 290 2213 simul
308 2149 438 2214 modieis
461 2149 660 2227 demonstrat,
680 2149 702 2213 l.
726 2149 859 2214 14-28.
903 2150 1022 2215 Deinde
1044 2168 1083 2215 ne
1104 2148 1163 2214 hoc
1182 2147 1307 2231 quidem
1325 2145 1463 2210 sufficere
1485 2139 1638 2215 observat,
1660 2135 1714 2202 sed
1734 2133 1832 2199 multo
1853 2129 1955 2213 magis

194 2267 398 2350 cupiditatum
421 2267 641 2349 aeqmlitatem
661 2268 776 2351 requiri
795 2267 901 2334 eedem
922 2267 1069 2334 educandi
1088 2269 1206 2334 ratione
1226 2265 1473 2350 comparandam,
1494 2263 1516 2326 l.
1539 2261 1579 2325 28
1588 2259 1674 2323 -31.
1717 2255 1824 2338 Neque
1846 2249 1955 2317 educa-

192 2389 288 2452 tionis
310 2389 342 2452 et
363 2388 543 2472 disciplinae
564 2389 751 2472 aequalitate
764 2389 878 2456 bonam
896 2387 1017 2472 frugem
1034 2386 1114 2452 effici
1129 2387 1237 2469 quarto
1257 2387 1326 2450 loco
1346 2383 1442 2449 adicit
1463 2378 1636 2456 131-38,
1655 2375 1717 2442 nisi
1738 2375 1783 2440 ita
1805 2371 1848 2437 sit
1867 2387 1952 2434 oom-

191 2509 306 2590 parala,
328 2509 364 2571 ut
383 2524 508 2573 omnem
528 2507 600 2572 aliis
619 2507 689 2591 plns
709 2507 855 2591 peormiae
875 2508 929 2573 ant
948 2507 1074 2571 honoris
1091 2508 1145 2570 aut
1164 2503 1324 2587 utriusque
1343 2499 1475 2567 habendi
1489 2497 1664 2582 eupidinom
1679 2491 1836 2574 exstirpet.
1872 2487 1953 2552 Tum

192 2627 284 2692 verba
302 2625 447 2710 leguntur
468 2619 510 2693 ἔτι
531 2625 765 2706 στασιάζουσιν
786 2623 826 2692 οὐ
847 2623 951 2710 μόνον
971 2624 1026 2693 διὰ
1048 2625 1104 2709 τὴν
1125 2625 1299 2708 ἀνισότητα
1321 2627 1375 2706 τῆς
1395 2623 1536 2704 κνήσεως
1554 2618 1639 2686 ἀλλὰ
1660 2611 1717 2684 καὶ
1738 2611 1792 2681 διὰ
1813 2609 1869 2689 rip
1889 2607 1951 2674 νῶιι

190 2747 290 2832 νομοῖο
311 2777 341 2815 κ.
364 2773 390 2812 r.
412 2757 441 2813 ίι.
462 2744 484 2810 1.
507 2746 549 2810 38
571 2764 653 2828 sqq,
681 2763 758 2829 quae
785 2748 902 2810 utnon
924 2746 1067 2828 quintum
1094 2747 1309 2831 argumentum
1330 2743 1457 2808 afferant
1483 2739 1537 2806 sed
1556 2755 1611 2820 per
1629 2752 1663 2798 se
1685 2731 1822 2816 spectata
1843 2726 1953 2810 quarto

191 2882 316 2930 cauam
333 2865 456 2943 addant,
476 2868 707 2949 propterquam
725 2865 849 2930 honoris
864 2865 973 2950 cupido
988 2885 1048 2932 non
1066 2868 1168 2933 minus
1183 2884 1275 2950 quam
1295 2863 1440 2949 pecuniae
1461 2857 1598 2926 tollenda
1614 2857 1666 2933 sit,
1687 2851 1822 2937 profecto
1838 2845 1952 2930 Spen-

190 2983 343 3070 gelio“)
364 2983 556 3068 largiendum
578 2985 641 3049 ost:
666 2983 720 3048 sed
741 2983 802 3049 etsi
821 2985 904 3049 recte
925 2984 1038 3052 idcireo
1067 2985 1147 3056 lari
1168 3005 1223 3070 pro
1247 2979 1287 3052 iu
1313 2981 1449 3066 scripsit,
1477 2997 1539 3044 non
1563 2977 1668 3042 tanrm
1695 2967 1948 3038 animadvertisse

190 3102 312 3168 ridetur
329 3103 378 3168 his
401 3103 502 3170 verbis
522 3104 616 3170 simul
637 3104 804 3170 mnrium
824 3104 862 3170 ad
883 3108 1042 3190 sequentia
1062 3107 1108 3172 ita
1128 3104 1238 3189 parari,
1259 3103 1295 3168 ut
1315 3101 1383 3166 tota
1403 3094 1629 3184 argumentatio
1650 3109 1746 3174 nsque
1769 3087 1808 3154 ad
1831 3083 1950 3160 laeua,

192 3221 231 3284 17
252 3239 313 3286 una
332 3222 376 3287 sit
397 3221 575 3305 eademque,
606 3239 665 3305 qua
689 3223 723 3288 in
742 3224 920 3290 universum
940 3227 1118 3310 explanetur
1141 3223 1221 3290 unde
1250 3223 1306 3288 fiat
1334 3223 1370 3286 ut
1395 3220 1429 3285 in
1451 3217 1531 3284 talos
1555 3211 1819 3298 reprehensiones,
1848 3203 1948 3288 qualis

189 3339 330 3418 secunda,
350 3341 452 3420 tertia,
475 3343 582 3424 quarta
603 3343 659 3420 est
681 3344 833 3409 incurrere
853 3345 989 3429 potuerit
1011 3345 1240 3411 Chalcedonius.
1284 3341 1383 3408 Causa
1402 3340 1485 3406 enim
1500 3338 1555 3414 cst,
1576 3333 1657 3419 qnod
1675 3333 1744 3415 ipsa
1763 3328 1820 3394 illa
1834 3323 1947 3408 opinio,

188 3477 282 3542 aqua
294 3459 447 3545 profectus
469 3477 536 3525 esse
557 3459 685 3539 dicitur,
704 3461 796 3537 tirlsa,
819 3463 915 3528 immo
936 3463 1138 3531 seditionibus
1159 3467 1191 3530 et
1210 3463 1333 3530 iniuriis
1347 3461 1499 3546 impulsus
1518 3473 1579 3522 non
1595 3455 1696 3520 minor
1716 3447 1841 3516 honoria
1861 3461 1947 3510 amor

189 3597 281 3663 quam
302 3580 448 3664 pecuniae
477 3581 540 3658 est,
568 3597 666 3662 neque
694 3580 733 3646 ad
760 3581 876 3647 scelera
903 3585 1143 3649 necessariorum
1168 3583 1291 3649 mutum
1315 3581 1423 3673 cupido
1450 3576 1505 3644 sed
1530 3576 1626 3642 etiarn
1645 3581 1946 3656 superuacaneomm,

188 3699 262 3782 quin
284 3698 380 3764 etiam
398 3697 474 3762 haec
493 3697 534 3763 ad
555 3698 690 3762 mamma
711 3699 829 3777 incitat,
850 3701 887 3766 ιιι
907 3701 1039 3768 Phaleae
1059 3702 1238 3782 remedium,
1262 3701 1386 3768 etiamsi
1405 3717 1496 3783 quarn
1515 3695 1684 3782 plurimum
1705 3691 1735 3756 ei
1755 3685 1945 3762 concedatur,

187 3835 248 3882 non
268 3815 331 3882 nisi
350 3833 459 3900 parvas
479 3815 608 3882 iniurias
633 3817 798 3901 reprimere
818 3820 918 3902 queat
962 3819 1014 3886 Sic
1039 3822 1136 3904 igitur
1156 3839 1233 3905 quae
1254 3821 1353 3886 adhuc
1378 3818 1408 3883 ei
1429 3815 1573 3902 opposuit
1591 3809 1776 3878 Aristoteles
1795 3807 1829 3870 in
1848 3819 1944 3868 unum

186 3953 282 4020 paene
304 3935 407 4000 omniu
427 3935 620 4016 reducuntur,
642 3955 740 4020 neque
761 3939 852 4023 longe
873 3939 974 4017 abest,
1003 3957 1073 4006 oum
1093 3941 1235 4007 universa
1255 3943 1331 4006 haec
1352 3936 1545 4004 cohaerentia
1564 3927 1760 4018 particulao’
1786 3922 1900 3998 12673,
1924 3921 1944 3984 2

185 4055 313 4142 paulum
332 4049 494 4134 relaxetur,
518 4063 555 4120 ιιι
575 4056 614 4121 ab
634 4056 702 4141 ipso
723 4057 892 4122 Aristotde
914 4057 944 4136 εί
967 4060 1105 4142 positum
1126 4077 1194 4124 osse
1221 4059 1404 4142 erodamll).
1448 4051 1725 4136 Quomodocunquo
1745 4045 1850 4110 autem
1870 4041 1945 4104 hace

186 4193 235 4240 res
258 4190 292 4238 se
309 4173 410 4252 habet,
432 4172 465 4237 id
486 4175 603 4239 eertum
625 4177 682 4253 est,
704 4175 785 4257 quod
803 4177 876 4272 post
889 4176 1157 4266 sessoriano)
1181 4181 1212 4245 et
1232 4181 1341 4264 ego⁵⁹)
1357 4179 1388 4242 et
1403 4171 1620 4260 Spengelius
1633 4171 1674 4256 ⁰⁰)
1688 4165 1831 4239 vidimus,
1853 4159 1874 4224 l·
1892 4158 1942 4233 12,

185 4294 215 4358 si
235 4293 270 4358 in
290 4293 429 4358 codicum
454 4293 596 4378 vestigiis
618 4311 673 4360 nos
690 4295 794 4359 tenere
815 4295 960 4374 velimus,
991 4297 1053 4366 ίιιιι
1073 4301 1194 4364 inversa
1213 4299 1332 4364 ratione
1352 4297 1385 4361 in
1406 4289 1458 4362 in
1482 4311 1549 4358 esse
1569 4286 1765 4360 mutandum,
1789 4279 1846 4346 sed
1866 4278 1942 4346 Gui-

184 4413 297 4479 lelmus
319 4411 381 4480 ίοει
409 4431 533 4496 prorsus
560 4431 621 4479 non
649 4414 727 4500 legit
755 4415 876 4499 etpost
900 4415 1050 4486 ἀδικοῦσι
1076 4435 1130 4502 pro
1151 4447 1204 4507 ys,
1233 4416 1315 4502 quod
1340 4433 1446 4500 reapse
1467 4412 1540 4496 quid
1560 4409 1622 4476 sibi
1647 4406 1724 4472 velit
1745 4401 1871 4469 difficile
1895 4397 1943 4462 est

184 4531 356 4610 intellectu,
377 4529 411 4600 el
432 4531 537 4616 potius
558 4531 660 4598 offert:
681 4533 886 4612 „iniurientur
906 4538 1040 4603 autem*
1084 4537 1227 4603 Ceterum
1247 4537 1280 4604 in
1301 4533 1419 4611 uerbis,
1448 4549 1525 4614 quae
1544 4545 1626 4595 nnnc
1644 4523 1842 4590 inueniuntur
1862 4517 1941 4584 inira

206 4719 392 4733 ...ο-..ια-

352 4819 666 4888 squtpuam

352 4916 399 4980 sl)
418 4913 458 4964 De
477 4909 506 4968 ον’
525 4917 614 4967 τοίνυν
632 4913 683 4976 lg-‚r
702 4913 766 4966 lrsoe
783 4921 821 4966 cst
838 4913 921 4981 Sper
928 4915 996 4982 geli
1016 4917 1045 4982 (1.
1065 4919 1082 4968 l.
1100 4934 1125 4984 p.
1147 4919 1191 4985 14)
1210 4918 1362 4970 obsonatio:
1383 4917 1529 4980 „notandas
1551 4915 1577 4966 lr.
1596 4913 1612 4964 l.
1630 4924 1691 4962 usus
1711 4903 1827 4958 vocabuli
1846 4901 1940 4958 τοίνυν,

183 5025 242 5062 aera
260 5009 335 5060 leals
353 4998 426 5062 οὗτοι
447 5011 536 5062 τοίνυν
553 5008 688 5060 ιοιιιιιοι.“
725 5007 798 5072 Quae
819 5025 870 5061 nou
889 5010 1020 5076 intellego:
1046 5011 1127 5065 facilis
1145 5014 1210 5066 enirn
1228 5014 1291 5065 haec
1308 5013 1451 5066 coniectura
1474 5025 1573 5062 sensam
1596 5009 1655 5060 mihi
1680 5007 1818 5070 pervertere
1835 4995 1940 5054 videtur,

182 5121 268 5172 quem,
286 5113 314 5157 ιι
331 5105 392 5166 dixi,
412 5105 519 5156 restituit
536 5104 752 5156 Buechelerur
770 5109 858 5160 τοίνυν
875 5107 900 5158 in
917 5111 1010 5174 ptem
1027 5115 1134 5160 munus.

350 5199 396 5264 ⁵8)
414 5197 518 5251 Obrerr.
537 5199 591 5250 en‘t.
609 5199 635 5250 in
655 5199 769 5262 Διιιιοι,
787 5199 872 5253 Berol.
892 5199 1116 5255 MDOOGLVHI.
1152 5202 1203 5265 Qu
1221 5211 1303 5255 temen
1323 5217 1372 5254 nou
1391 5199 1429 5255 ἴοι
1447 5201 1491 5254 sed
1507 5199 1547 5254 l‘xc
1564 5191 1592 5252 δι’
1609 5197 1717 5248 redicre
1734 5192 1823 5244 voluit.

350 5294 535 5360 59)1n1ahni
553 5309 613 5348 ann.
632 5295 649 5346 l.
668 5295 684 5346 l.
703 5311 728 5363 p.
748 5301 806 5350 ³80.

349 5389 394 5455 eo)
414 5389 445 5442 1..
465 5389 482 5439 l.
501 5405 525 5456 p.
548 5395 578 5440 re
597 5391 664 5456 (oe).
