4684 5830
1020 334 1364 412 ...ra-v

267 541 348 626 apud
374 544 552 613 Homerum
572 565 610 612 ne
636 549 764 614 vimdm
793 547 918 632 quidem
940 548 1119 633 dispertitos
1141 551 1208 616 sine
1228 549 1294 615 ulla
1312 551 1448 633 partium
1472 551 1608 617 Interea
1631 552 1894 618 coniunctione?“
1926 555 2031 620 tamm

266 671 428 735 verissime
451 670 485 733 in
511 668 715 734 notaaddita
736 667 881 734 adversus
902 669 1165 755 Bernaysium
1193 669 1331 754 disputat
1352 669 1414 734 sie:
1444 670 1552 752 „quod
1572 669 1639 736 fieri
1661 689 1722 736 non
1741 690 1831 756 posse
1849 673 2030 750 arbitrabar,

266 793 372 855 tumen
394 790 469 853 bace
491 807 561 854 cum
582 789 647 852 iarn
673 788 729 853 sub
749 789 835 873 prelo
858 791 973 868 essent,
999 790 1115 856 mium
1138 808 1205 854 esse
1226 787 1292 854 vidi
1313 836 1321 850 .
1345 835 1352 849 .
1376 835 1383 849 .
1406 786 1646 872 Bernaysius
1669 789 1752 854 onim
1773 789 1819 855 sio
1840 790 1952 856 uertit:
1982 808 2030 856 wo

267 911 330 975 dte'
343 909 555 976 Volkerscbait
578 909 665 972 nicht
685 908 764 974 uach
790 907 924 972 Wailern
943 909 1004 974 mit
1025 909 1221 974 bestimmter
1242 907 1497 972 llmwohnerzahl
1517 910 1557 992 (l)
1578 907 1750 990 abgatheilt
1771 907 1824 986 ist,
1842 908 1973 975 sondern
1995 927 2029 974 so

267 1034 326 1098 wie
351 1051 376 1095 a.
399 1029 436 1094 B.
466 1029 516 1093 die
542 1026 681 1092 Arkades
708 1027 859 1092 nerstreut
886 1026 949 1092 und
977 1028 1056 1092 ohne
1077 1027 1242 1110 politisohe
1265 1026 1453 1110 Glisderung
1474 1025 1614 1090 wobne‘.
1657 1026 1817 1094 Nimirum
1844 1045 2032 1111 quamquam

266 1154 342 1218 haee
359 1150 463 1234 *probs
486 1148 655 1232 perspexit,
681 1147 788 1211 tamon
809 1163 880 1212 oum
901 1147 1107 1230 Conringio
1130 1148 1162 1210 et
1183 1146 1404 1229 Bernaysio
1433 1147 1465 1209 et
1485 1144 1694 1228 compluribus
1716 1145 1788 1210 aliis
1810 1146 2029 1230 interpretibus

266 1273 298 1336 in
320 1268 428 1335 eodem
451 1284 551 1366 errore
569 1266 717 1331 versatur.
761 1263 932 1347 Opinantur
954 1264 1038 1330 enim
1058 1264 1108 1328 illi
1128 1281 1234 1328 omnes
1256 1264 1288 1328 in
1310 1263 1435 1328 traditis
1458 1265 1560 1330 verbis
1582 1263 1660 1328 illud
1682 1263 1767 1332 κατὰ
1792 1264 1906 1350 κώμας
1928 1295 2029 1348 aega-
2153 1293 2160 1304 ·

265 1393 377 1478 picam
395 1387 442 1455 'rb
456 1387 577 1468 alipene
599 1384 736 1450 diritatis
759 1401 826 1450 esse
848 1383 982 1467 signum,
1004 1384 1264 1449 Polenaarius
1285 1388 1399 1460 tamem
1422 1383 1475 1464 qui
1496 1383 1569 1464 quid
1589 1383 1727 1466 postulet
1749 1383 1903 1448 sententia
1916 1383 2028 1448 ceteris

264 1509 377 1576 melius
400 1505 488 1582 vidit,
509 1504 581 1587 post
601 1499 686 1569 ἀλλὰ
706 1499 900 1566 intercidisse
922 1501 998 1564 haee
1018 1500 1099 1565 fere:
1122 1503 1156 1567 ἐν
1179 1502 1257 1589 μιᾶς
1277 1503 1395 1580 πόλεως
1417 1501 1534 1585 ιείχεσι
1550 1501 1821 1589 συνηθροισμένοι
1836 1494 1917 1569 ὦσιν
1932 1497 2027 1570 aaa·

264 1648 324 1706 εει
350 1620 441 1694 ἄλλοι
472 1622 580 1707 putat,
612 1638 709 1704 neque
735 1622 839 1686 minen
869 1621 993 1705 reputat
1016 1621 1107 1689 πόλιν
1134 1621 1291 1686 aGraeco
1313 1622 1438 1686 bomine
1458 1639 1520 1687 non
1542 1622 1609 1686 sine
1629 1622 1767 1705 pessima
1788 1622 1961 1706 tautologia
1982 1623 2029 1687 itu
2100 1677 2112 1708 Ι

263 1766 353 1834 posse
376 1743 506 1820 definiri,
528 1743 564 1807 ut
585 1741 673 1818 πόλις
694 1741 746 1818 sit,
769 1740 822 1806 ubi
843 1741 878 1806 in
898 1759 959 1806 una
977 1741 1061 1808 πόλει
1082 1741 1146 1806 sint
1167 1739 1299 1806 collecti,
1342 1740 1443 1804 Immo
1465 1740 1519 1806 ubi
1539 1759 1594 1824 per
1616 1741 1701 1806 uicos
1725 1742 1855 1825 dispersi
1876 1741 2028 1818 habitant,

263 1870 308 1935 ibi
330 1884 435 1949 reapse
456 1883 532 1948 gens
551 1862 711 1926 dumtaxat
733 1862 789 1938 est,
811 1878 873 1926 non
895 1861 1015 1938 civitas,
1039 1859 1094 1926 sed
1113 1861 1180 1926 ἀλλ’
1205 1854 1273 1927 οἷον
1289 1853 1445 1945 ”spadone
1468 1859 1545 1924 satis
1567 1859 1600 1924 id
1621 1859 1785 1944 signifieat,
1809 1860 1890 1943 quod
1910 1860 2028 1926 Pole-

263 1987 417 2054 naarius
438 1981 721 2048 rest'tu'sre'soluIt
742 1980 953 2045 additamento
974 1998 1050 2045 suo:
1081 1979 1236 2058 „eandem
1257 1997 1290 2044 es
1311 1996 1346 2043 so
1367 1980 1499 2044 machon
1520 1979 1579 2044 wie
1601 1978 1653 2044 die
1674 1980 1847 2046 Arkader“.
1891 1977 2027 2044 Arcada

263 2107 347 2172 enim
366 2104 414 2169 ita
434 2099 662 2185 processerunt,
693 2099 761 2176 ut,¹
773 2115 845 2162 eum
866 2099 957 2162 antea
979 2116 1055 2182 geas
1077 2099 1201 2164 tantum
1221 2097 1353 2164 finissent
1374 2098 1511 2181 disperso
1530 2116 1591 2180 par,
1607 2097 1692 2163 vicos
1714 2099 1872 2176 babitans,
1900 2097 2028 2182 Ilpami-

262 2225 380 2292 nondae
401 2227 540 2304 tempore
562 2218 719 2284 communi
739 2218 814 2283 urbe
835 2217 1025 2302 Megalopoli
1046 2218 1171 2283 condita
1192 2218 1303 2284 civitas
1325 2215 1498 2282 evaderent.
1542 2215 1627 2294 Quae
1649 2216 1678 2280 si
1698 2219 1849 2294 tenemus,
1878 2215 1970 2282 rerba
1991 2233 2026 2281 eo

263 2347 344 2422 loeo,
367 2357 427 2424 quo
450 2355 506 2422 ego
527 2335 715 2420 transposui,
739 2335 820 2398 nihil
839 2352 913 2399 sane
933 2334 1095 2399 molestiae
1114 2333 1308 2420 adommim:
1346 2335 1488 2419 Namque
1506 2336 1705 2403 uehementer
1725 2337 1839 2402 amavit
1861 2335 2029 2400 Contin-

262 2465 369 2550 gius„
384 2462 418 2526 in
432 2459 516 2524 bisce
531 2455 632 2521 verbis
646 2453 857 2520 aristotelicis
872 2457 932 2518 non
948 2452 1097 2536 exprimi‘
1111 2453 1206 2531 ratus,
1222 2452 1500 2536 „quemadmodum
1515 2455 1626 2520 civitas
1641 2473 1660 2518 a
1673 2441 1765 2540 gente
1781 2454 1931 2532 differat‘,
1949 2453 2028 2518 falsa

262 2583 382 2651 seilicet
404 2579 460 2644 ills
481 2578 591 2642 horum
612 2575 774 2640 verborum
790 2572 992 2656 explicatione
1013 2572 1166 2651 inductus,
1188 2572 1221 2636 in
1242 2572 1353 2654 quibus
1372 2573 1477 2656 potius
1499 2572 1577 2656 ipsis
1596 2573 1679 2637 inest
1699 2572 1858 2638 distinctio
1881 2573 1914 2638 in
1935 2571 2027 2636 unius

262 2700 458 2781 eiusdemque
480 2695 566 2762 urbis
588 2693 737 2758 societate
757 2691 879 2776 locique
900 2692 1114 2758 communione
1135 2691 1251 2775 posita:
1277 2691 1358 2774 quod
1378 2693 1484 2756 autom
1507 2692 1565 2756 bac
1587 2710 1620 2756 re
1643 2691 1808 2758 ᾱιεοιιιιιειι
1830 2709 1892 2765 non
1912 2691 2026 2756 exhau-

260 2824 348 2898 ritur,
370 2817 505 2903 profecto
528 2831 588 2879 non
610 2811 708 2890 video,
731 2829 791 2894 quo
812 2811 879 2876 iure
899 2828 1071 2895 poscamus,
1093 2813 1130 2875 ut
1149 2810 1183 2874 in
1204 2809 1414 2876 additamento
1435 2811 1588 2876 eiusmodi
1609 2812 1764 2878 subsicivo
1780 2811 1890 2878 debeat
1911 2811 2026 2876 exhau-

261 2941 346 3008 riri:¹
364 2953 488 3022 prorsus
516 2934 613 3019 igitir
640 2931 795 2997 consentit
819 2931 895 2994 baec
923 2929 1083 2994 distinctio
1112 2947 1183 3014 curn
1212 2929 1313 2995 verbis
1340 2929 1508 3032 secundum
1535 2930 1743 2998 coniecturam
1763 2949 1867 2998 meam
1887 2931 2026 3015 proxime

261 3055 511 3128 antecedentibus
533 3049 567 3120 rei
587 3049 647 3137 μὲν
669 3043 728 3118 οὖν
749 3047 885 3136 μηδενὸς
905 3055 1069 3116 κοινωνεῖν
1091 3046 1232 3133 φανερὸν
1253 3046 1296 3125 ὣς
1314 3048 1478 3117 ἀδύνατον
1507 3051 1539 3137 (ἡ
1560 3049 1628 3140 γὰρ
1650 3052 1789 3136 starem)
1806 3050 1960 3120 κοινωνία
1982 3050 2028 3128 τίς
2072 3081 2077 3088 ’

262 3183 338 3263 ἔστι,
358 3174 414 3244 καὶ
436 3175 558 3259 πρῶτον
575 3171 709 3258 ἀνάγκη
731 3170 789 3236 rod
809 3167 906 3236 τόπου
926 3175 1110 3236 κοινωνεῖν·
1133 3167 1151 3234 ὁ
1171 3167 1232 3253 μὲν
1251 3165 1320 3255 γὰρ
1339 3167 1432 3246 τόπος
1447 3163 1491 3246 εἷς
1506 3171 1559 3252 τῆς
1571 3173 1650 3256 μιᾶς
1663 3170 1791 3253 πόλεως,
1811 3173 1842 3236 οἱ
1853 3167 1887 3237 δὲ
1901 3175 2025 3237 πολῖται

262 3291 409 3366 κοινωνοῖ
435 3294 490 3373 τῆς
515 3290 593 3377 peroio
617 3285 803 3370 πόλεως·θῆ
826 3283 936 3352 διοίσει
955 3315 985 3352 κ.
1008 3315 1035 3350 r·
1056 3286 1111 3368 t),
1145 3285 1264 3362 l260b,
1288 3285 1506 3365 39—1261a,
1532 3288 1559 3351 l.
1603 3288 1716 3354 Obnim
1738 3288 1776 3354 ab
1799 3305 1836 3354 00
1857 3289 1942 3366 1000,
1970 3289 2026 3356 ubi

260 3413 402 3489 traditur,
424 3409 515 3494 plane
536 3406 688 3482 abhorret,
713 3404 825 3486 quippe
838 3404 901 3468 ubi
922 3420 1015 3485 quam
1037 3405 1118 3469 inter
1139 3403 1246 3469 foedus
1267 3405 1299 3469 et
1314 3405 1473 3470 ciuitatem
1487 3406 1674 3472 Aristoteles
1690 3406 1765 3472 facit
1779 3407 2022 3483 distinctionem,

260 3551 367 3617 reapse
395 3530 486 3614 plano
513 3527 542 3590 ei
573 3523 727 3590 absimilis
754 3523 858 3605 idoque
884 3520 964 3586 illud
986 3521 1095 3590 διοίσει
1118 3523 1160 3607 aqi
1180 3521 1310 3608 τοιούτῳ
1330 3521 1387 3590 καὶ
1407 3522 1495 3602 πόλις
1516 3519 1633 3602 {beonoc
1654 3525 1860 3592 falsissimum
1882 3527 1942 3592 sir:
1967 3545 2023 3611 egb

261 3653 343 3720 certo
363 3665 487 3734 prorsus
503 3663 555 3710 me
575 3645 716 3727 Ignorare
737 3643 843 3719 fateor,
869 3640 943 3723 quid
962 3659 1125 3706 commune
1146 3642 1189 3706 sit
1205 3641 1287 3706 inter
1307 3642 1364 3708 has
1390 3642 1465 3708 duas
1486 3662 1544 3722 res,
1570 3661 1587 3708 e
1609 3645 1710 3728 specie
1732 3645 1862 3714 diversis
1884 3650 2025 3714 constare

260 3770 402 3840 etunius
424 3766 509 3832 urbIs
531 3761 745 3830 communione
766 3759 837 3838 frui,
859 3757 971 3843 quidue
987 3760 1069 3826 inter
1090 3759 1257 3844 oppositas,
1279 3763 1428 3830 virtutem
1448 3765 1483 3828 in
1504 3763 1571 3829 sola
1591 3764 1765 3847 quantitate
1786 3766 1891 3846 itaque
1912 3767 1945 3832 in
1965 3785 2023 3831 nu-

258 3908 344 3958 mero
366 3888 489 3953 tantum
509 3881 664 3948 sociorum
684 3879 750 3946 sive
771 3878 892 3962 parium
913 3876 1063 3960 qualitate
1083 3879 1149 3944 sire
1172 3879 1338 3963 imparium
1361 3881 1472 3947 babere
1494 3884 1526 3947 et
1547 3870 1683 3968 disperse
1697 3902 1752 3967 per
1767 3883 1851 3948 vicos
1865 3884 2024 3950 habitare:

259 4013 357 4078 immo
378 4025 454 4091 gens
476 4020 596 4087 quoque
616 4018 678 4065 non
694 3999 799 4083 potest
820 3999 960 4063 constare
980 3997 1043 4061 nisi
1067 4014 1083 4060 e
1104 3999 1205 4081 specie
1227 3998 1372 4077 dirersis,
1405 4001 1490 4065 volut
1518 4020 1534 4066 o
1556 4000 1785 4066 dominantibus
1806 4001 1969 4084 praecipue
1991 4005 2023 4067 et

259 4127 423 4203 subiectis,
455 4121 596 4206 quamvis
622 4117 723 4202 magis
750 4117 782 4181 in
809 4115 986 4191 civitatem,
1016 4114 1120 4179 minus
1149 4115 1181 4181 in
1202 4119 1328 4198 gentem
1349 4119 1408 4184 hoc
1430 4119 1536 4184 cadere
1558 4119 1690 4184 libenter
1710 4121 1883 4186 concedam.
1927 4120 2023 4187 Recte

258 4250 356 4336 igitur
377 4241 505 4314 offendit
527 4237 772 4322 Conringius‚
802 4234 937 4300 sednon
958 4234 996 4300 ob
1018 4234 1134 4300 iustam
1156 4252 1297 4314 oausam,
1329 4238 1361 4301 et
1378 4256 1529 4321 perpauca
1553 4257 1622 4304 vere
1645 4257 1716 4304 eum
1736 4239 1851 4306 multis.
1869 4241 2022 4306 erroribus

259 4363 514 4446 mandouro).

426 4619 474 4685 ⁶0)
491 4617 542 4670 Sed
561 4618 613 4668 alio
632 4616 697 4678 loco,
716 4617 751 4677 11,
773 4622 812 4670 lo.
835 4620 929 4675 lma,
949 4619 1058 4670 aa-at,
1079 4629 1166 4665 vereor
1183 4629 1215 4667 ne
1232 4615 1365 4666 erraverim
1384 4615 1410 4664 in
1428 4615 1510 4666 verbis
1528 4609 1642 4681 rapieris*
1662 4641 1695 4699 ''.
1716 4613 1807 4684 scepeie
1825 4625 1883 4682 post
1904 4613 2021 4684 φανερόν

258 4729 281 4761 v.
301 4714 343 4762 27.
363 4707 505 4759 traicleadie
523 4713 548 4756 et
566 4701 632 4771 πρὸε
652 4721 681 4756 τε
702 4704 844 4769 reponendo
863 4702 919 4770 (De
938 4703 969 4753 A.
990 4703 1018 4752 P.
1039 4703 1055 4752 l.
1075 4703 1095 4752 1.
1115 4701 1152 4752 II.
1170 4718 1212 4766 qu.
1231 4703 1284 4752 crit.
1304 4717 1361 4767 app.
1381 4719 1405 4767 p.
1428 4707 1467 4752 18.
1488 4702 1560 4753 Iahni
1582 4719 1640 4754 ann.
1661 4702 1761 4756 xcrn.
1781 4721 1806 4770 p.
1826 4705 1900 4769 ³82),
1919 4720 1969 4768 que
1988 4705 2019 4752 de

258 4817 283 4851 re
305 4799 368 4850 alies
387 4795 532 4846 accuratius
551 4795 679 4843 disseram.

426 4883 473 4946 81)
491 4877 567 4933 πόλις
585 4881 611 4930 1·
627 4879 682 4935 Ar,
700 4873 821 4928 πολιτεία
841 4876 870 4925 11
890 4877 970 4929 beke.

425 4966 471 5033 62)
490 4961 561 5019 cide*
579 4990 612 5004 -
630 4959 732 5016 adicer
757 4963 842 5027 putide
860 4962 989 5014 abundare
1009 4965 1124 5014 videntur
1142 4961 1342 5012 Polennario
1367 4964 1383 5014 l.
1400 4963 1416 5014 l.
1437 4981 1460 5029 p.
1484 4969 1523 5019 lo.
1542 4982 1567 5015 n.
1591 4971 1617 5016 l:
1641 4981 1702 5030 ego,
1730 4965 1750 5014 si
1778 4963 1923 5024 deficerent,
1949 4967 2020 5017 lacu·

255 5075 313 5110 nam
335 5061 479 5107 eminerem.

424 5137 471 5202 6³)
490 5135 540 5198 Qui
564 5147 648 5186 autem
670 5150 720 5186 non
746 5135 807 5186 setis
834 5143 891 5202 apte
915 5135 1042 5187 adhibitos
1066 5151 1125 5188 esso,
1144 5145 1234 5201 putant
1252 5138 1366 5190 Arcades
1385 5155 1430 5205 pro
1448 5140 1564 5206 exornplo
1584 5140 1692 5190 civitatib
1714 5151 1727 5186 c
1746 5143 1820 5202 gente
1837 5137 1934 5197 iactae,
1959 5142 2019 5204 qnia

255 5247 305 5283 uon
330 5241 415 5279 omncs
439 5239 525 5275 eornm
549 5225 607 5288 pagi
630 5222 717 5274 collati
740 5221 832 5273 inerint
850 5223 875 5272 in
894 5238 970 5273 unam
990 5223 1077 5274 urbem
1097 5222 1285 5289 Megalopolim
1312 5240 1399 5276 vereor
1417 5241 1447 5276 ne
1467 5227 1540 5276 nimis
1559 5233 1674 5290 premant
1692 5233 1714 5274 cr
1734 5223 1811 5274 serbe
1830 5224 2018 5277 Aristoteliam
