4610 5840
999 335 1225 416 -5-‘

230 554 308 616 baec
331 555 529 636 parenthesis
549 553 654 616 addita
677 559 736 630 est,
760 553 797 615 ad
822 554 903 616 vitae
928 556 1194 618 necessitudinem
1219 551 1477 641 (ιὴνσωιηρίαν)
1500 558 1609 619 cadem
1635 559 1689 619 illa
1713 561 1884 640 pertinere,
1907 582 1985 644 quae

232 681 266 732 ut
287 673 492 752 perficiantur
512 674 629 734 domini
654 680 758 734 mente
780 673 983 754 providenda,
1004 674 1085 735 servi
1107 694 1239 756 corpore
1260 674 1448 735 elaboranda
1470 680 1558 748 sunt,
1581 695 1716 757 eamque
1738 680 1836 761 ipsam
1857 682 1897 744 ob
1919 701 1985 743 rern

231 793 338 854 eadem
359 811 429 855 esse
451 791 614 870 utriusque
636 792 796 853 commoda
811 793 940 872 ipsaque
962 771 1072 854 natura
1093 792 1177 856 lrrrnc
1198 813 1268 854 cum
1291 792 1345 853 illo
1368 795 1562 874 congregari.
1609 794 1719 876 ltaque
1734 801 1840 859 omnio
1857 819 1895 861 an
1917 805 1986 880 post

231 909 268 995 νῇ
288 907 416 992 διανοίᾳ
439 910 593 971 exciderit
615 905 654 974 roi
679 907 804 975 δέοντα.

359 1044 361 1052 ’
396 1028 443 1088 bix
458 1029 508 1089 bis
525 1029 642 1090 duabus
659 1029 798 1089 mulieris
814 1048 882 1089 cnm
899 1029 964 1090 viro
982 1030 1126 1110 servique
1142 1050 1211 1092 οιιιιι
1234 1030 1360 1124 domino
1376 1032 1660 1094 consociationibus
1675 1034 1768 1115 paulo
1788 1041 1860 1115 post
1874 1029 1986 1108 1252»,

231 1147 252 1208 9
274 1147 461 1210 Aristoteles
482 1167 560 1226 quae
582 1147 620 1207 de
649 1145 766 1208 eisdem
790 1147 1016 1208 demonstravit
1038 1169 1097 1210 una
1117 1148 1388 1231 comprehendens
1412 1152 1555 1213 observat
1577 1152 1719 1214 extitisse
1741 1153 1869 1235 primam
1894 1151 1988 1213 iaml-

233 1267 315 1344 llam,
339 1285 520 1350 quamquam
542 1285 696 1346 pauperes
720 1266 797 1327 adeo
811 1267 908 1326 servis
932 1273 1075 1327 carentes
1098 1286 1205 1328 eorum
1228 1267 1296 1328 loco
1319 1268 1349 1327 ln
1370 1267 1557 1330 domitorum
1579 1270 1755 1332 animalium
1778 1289 1837 1331 usu
1858 1271 1987 1350 acquie-

231 1405 320 1449 scere
343 1387 442 1447 coacti
464 1391 552 1458 sarni,
580 1381 618 1448 ἔκ
637 1379 697 1468 μὲν
721 1374 780 1448 οὖν
811 1381 930 1450 τούτων
952 1383 1014 1449 τῶν
1041 1381 1100 1450 δύο
1123 1383 1299 1450 κοινωνιῶν
1326 1382 1414 1451 οἰκία
1435 1384 1537 1471 πρώτη
1560 1429 1568 1447 ·
1591 1433 1599 1450 .
1623 1436 1630 1450 .
1652 1383 1783 1468 κίνησίν
1804 1387 1905 1471 ἔστιν,
1930 1389 1987 1450 sed

232 1516 429 1586 expectamus
451 1503 535 1564 harad
557 1503 662 1576 dubie,
684 1523 752 1564 cum
774 1503 807 1563 id
827 1503 928 1583 ipsum
952 1504 981 1564 ei
1006 1504 1200 1584 propositum
1222 1504 1264 1564 sit
1283 1504 1460 1580 ostendere,
1486 1506 1641 1584 quomodo
1664 1506 1814 1586 gradatim
1836 1507 1987 1568 eminere

232 1625 384 1687 societate
407 1621 504 1684 maior
526 1622 690 1702 prodierit,
713 1622 798 1682 siclus
821 1641 839 1682 e
862 1621 1059 1683 domibuset
1079 1622 1189 1682 civitas
1210 1643 1228 1682 e
1250 1622 1337 1698 sicis,
1361 1633 1432 1704 post
1453 1626 1584 1705 primam
1606 1625 1692 1686 illam
1719 1625 1870 1688 familiana
1891 1627 1984 1688 etlarn

231 1751 352 1830 arratam
386 1741 494 1803 liberis
525 1740 722 1818 naturalique
755 1759 860 1800 eorum
899 1759 968 1800 cum
996 1741 1179 1820 parentibus
1217 1743 1467 1817 consociatione,
1513 1763 1592 1823 quae
1633 1747 1725 1804 tertis
1773 1753 1822 1807 est
1859 1752 1985 1826 praeter

232 1863 307 1924 duas
330 1861 409 1936 illas,
433 1859 559 1920 minime
581 1858 717 1938 neglegi.
762 1857 838 1918 Nam
865 1857 926 1919 hoc
955 1859 1078 1938 quidem
1103 1865 1197 1920 auctu
1225 1878 1286 1920 uns
1315 1859 1435 1920 familia
1463 1861 1611 1942 paulatim
1640 1863 1671 1926 in
1702 1863 1808 1942 plures
1837 1862 1986 1925 dilatatur

232 1982 397 2062 pluresque
422 1982 572 2058 cognatae
594 1977 625 2036 ln
647 1977 747 2037 vicum
771 1977 1014 2057 coniunguntur.
1057 1978 1189 2038 Accedit
1210 1978 1389 2040 Aristotelis
1415 1998 1488 2040 usus
1510 1978 1674 2058 loquendi,
1702 1981 1873 2043 secundum
1894 2001 1985 2062 quern

231 2098 394 2181 particulis
419 2092 479 2181 ,ario
507 2085 566 2160 οὖν
594 2114 672 2175 quae
701 2103 793 2156 autea
820 2095 970 2156 disseruit
1001 2096 1085 2157 breri
1114 2096 1294 2178 complexus
1323 2099 1361 2159 ad
1387 2098 1463 2160 alias
1490 2118 1540 2160 res
1569 2099 1745 2160 tractandas
1773 2094 1807 2165 di
1832 2101 1985 2180 particula

232 2217 366 2280 transire
385 2215 477 2290 solet,
499 2215 645 2293 idemque
665 2215 725 2274 boc
748 2233 872 2293 quoque
888 2213 956 2274 loco
980 2216 1070 2275 abeo
1091 2213 1208 2275 facturn
1224 2222 1317 2294 atque
1333 2214 1466 2278 alterum
1486 2218 1667 2290 membrum,
1691 2217 1723 2278 iu
1747 2237 1807 2297 quo
1824 2219 1864 2280 de
1885 2218 1983 2280 ultera

231 2338 302 2412 bac,
326 2342 360 2398 ut
380 2336 424 2396 ita
446 2335 557 2409 dicam,
577 2333 764 2414 dilatamque
784 2333 902 2394 familia
923 2334 1016 2394 verbs
1040 2331 1174 2407 lecerat,
1203 2341 1379 2414 temporum
1402 2336 1518 2396 invidia
1538 2335 1629 2396 nobis
1649 2342 1793 2417 ereptum
1814 2355 1894 2410 esse,
1917 2339 1983 2398 reri

233 2477 271 2519 eo
288 2456 389 2516 minus
404 2455 556 2516 dissimile
571 2463 629 2529 est,
646 2452 728 2533 quod
743 2452 836 2511 rerba
852 2453 911 2512 iarn
931 2471 1010 2531 quae
1020 2450 1160 2531 proxime
1176 2448 1350 2532 secunturiq
1360 2447 1421 2537 plo
1436 2441 1496 2518 οὖν
1510 2452 1554 2529 εἷς
1565 2451 1678 2517 πᾶσαν
1689 2449 1811 2538 ipsiquo
1831 2478 1982 2535 nucemq-

233 2578 311 2640 κοῖα
332 2569 484 2638 κοινωνία
511 2569 597 2638 κατὰ
627 2565 728 2652 φύσιν
749 2561 838 2644 οἶκός
861 2567 973 2635 dureo.
998 2617 1005 2634 .
1031 2616 1040 2633 .
1066 2566 1085 2650 ἦ
1112 2567 1137 2635 δ’
1157 2569 1194 2636 ἔκ
1220 2569 1372 2637 πλειόνων
1396 2569 1506 2635 οἶκιῶν
1531 2567 1683 2636 κοινωνία
1710 2568 1813 2655 npairq
1840 2570 1984 2656 χρήσεως

233 2686 341 2759 ἕνεκεν
360 2687 404 2776 μὴ
427 2687 586 2775 ἐφημέρου
607 2686 699 2774 κώμη
726 2688 764 2774 (Ι.
786 2685 927 2773 lt-lo)
956 2689 1048 2769 plane
1074 2689 1183 2750 eadem
1206 2689 1327 2750 ratione
1357 2686 1525 2750 clausulam
1553 2691 1721 2770 imponunt
1747 2693 1806 2751 toti
1834 2700 1984 2770 quaeest

234 2815 272 2876 de
288 2812 405 2873 familia
424 2809 686 2889 argumentationi
704 2808 930 2886 transitumque
945 2813 1056 2887 parant
1070 2807 1109 2866 ad
1122 2808 1269 2869 maiorem
1282 2807 1467 2886 maiorisque
1484 2809 1638 2890 propositi
1650 2809 1832 2871 societatum
1844 2809 1986 2890 primam,

233 2934 265 2994 id
287 2909 335 2994 est
356 2931 468 3005 sicum,
492 2933 526 2988 ut
544 2928 594 2986 rix
616 2925 767 2988 credibile
787 2927 844 3000 sit,
867 2925 1071 2987 nibilominus
1092 2926 1294 2987 Aristotelem
1316 2945 1378 2987 non
1403 2926 1442 2988 de
1464 2926 1564 3003 omni,
1587 2929 1641 2990 sed
1665 2928 1704 2989 de
1729 2928 1895 3008 principali
1916 2930 1984 2992 sola

233 3073 268 3115 ac
290 3051 416 3112 minima
437 3047 557 3108 familia
578 3063 647 3106 esse
671 3046 818 3106 locutum.

398 3167 546 3228 Eiusdem
570 3164 696 3246 generis
720 3163 856 3225 clausula
878 3163 1090 3243 transitusque
1109 3163 1200 3225 icltio
1222 3165 1334 3245 capitis
1358 3165 1487 3243 quinti
1509 3165 1643 3246 pessima
1666 3166 1929 3246 interpunctione,
1950 3175 1985 3227 ut

232 3290 414 3372 saepissime
438 3285 553 3346 facttun
577 3290 640 3356 est,
669 3283 701 3342 in
726 3282 917 3343 editionibus
939 3283 1054 3342 nostris
1076 3284 1186 3343 obruta
1210 3291 1293 3344 suant.
1339 3284 1567 3361 Quacorrecta
1589 3284 1665 3345 baec
1692 3286 1841 3346 babemus
1869 3281 1982 3358 12540,

233 3407 358 3474 13-20
381 3422 459 3486 quae
484 3422 540 3482 pro
567 3402 651 3462 sanis
680 3401 728 3460 viu
750 3401 975 3461 venditaveris:
1002 3399 1046 3475 rie
1066 3395 1127 3484 pla
1148 3389 1243 3480 οἷνὴ
1265 3399 1361 3483 φύσις
1384 3400 1442 3466 τοῦ
1463 3399 1583 3466 δούλου
1602 3398 1659 3467 καὶ
1681 3398 1729 3477 τίς
1748 3398 1767 3482 ἡ
1789 3400 1926 3487 δύναμις
1946 3401 1983 3468 ἐκ

233 3526 352 3595 τούτων
374 3523 470 3604 δῆλον
493 3517 522 3598 (ὁ
544 3515 610 3604 γὰρ
630 3514 676 3602 μὴ
694 3513 800 3582 αὑτοῦ
819 3517 915 3601 φύσει
935 3514 1005 3582 ἀλλ’
1026 3509 1142 3596 ἄλλον,
1165 3509 1391 3602 degenerandi,
1411 3507 1503 3594 οὗτος
1524 3516 1620 3601 φύσει
1634 3516 1749 3596 δοῦλός
1762 3517 1859 3596 ἔστιν,
1881 3512 1984 3587 ἄλλον

232 3643 257 3714 8
270 3639 356 3712 turio
374 3634 555 3726 ἅνθρωπος,
577 3629 612 3713 du
626 3636 733 3720 scripta
751 3624 773 3722 q*
793 3627 964 3722 ἅνθρωπος
977 3627 1035 3719 rb'o,
1056 3635 1163 3720 κτῆμα
1174 3633 1208 3702 di
1230 3627 1373 3722 ὄργανον
1382 3633 1559 3720 πρακτικὸν
1572 3633 1629 3703 καὶ
1643 3636 1831 3723 germanior
1853 3637 1982 3724 πότερον

232 3760 344 3833 d‘dori
362 3787 407 3837 rec
428 3757 522 3843 φύσει
545 3755 683 3833 τοιοῦτος
703 3745 722 3836 ἢ
744 3747 787 3821 οὕ
809 3799 816 3817 .
847 3805 854 3820 .
884 3798 891 3816 ·
916 3749 996 3836 μετὰ
1021 3755 1124 3822 ταῦτα
1151 3753 1314 3821 σκεπτέον.
1359 3757 1419 3818 Pro
1446 3746 1618 3840 ἅνθρωπος
1646 3747 1692 3821 o'io
1717 3758 1841 3820 codices
1869 3761 1979 3840 optimi

232 3883 347 3946 P¹·²·³
370 3899 426 3941 nec
449 3899 510 3941 non
535 3873 587 3938 Ml
609 3885 642 3939 et
665 3877 692 3955 Q
715 3876 866 3956 praebent
888 3873 1001 3949 dodiau
1022 3867 1068 3938 ὤν
1095 3883 1128 3936 ct
1156 3876 1195 3935 ad
1224 3875 1307 3936 idern
1337 3876 1420 3936 redit
1443 3876 1593 3936 Guilelmi
1623 3878 1718 3938 lectio
1746 3877 1981 3959 corruptissima

232 3994 250 4086 ἢ
274 4001 386 4075 δοῦλος
407 3987 464 4084 ff)
487 4018 543 4079 pro
568 3987 587 4076 i,
609 3993 722 4068 δοῦλος
742 3999 808 4071 (atat
826 3986 1008 4078 ἅνθρωπος)
1029 3983 1086 4070 aiu,
1107 3994 1162 4053 sed
1185 3995 1265 4054 male
1284 3995 1345 4055 boc
1365 3995 1509 4056 defendit
1532 3995 1682 4056 Corace.
1728 3995 1876 4057 Definitio
1898 3999 1981 4058 enim

232 4122 314 4184 serri
338 4139 405 4180 cum
433 4117 493 4178 boc
517 4116 585 4176 loco
607 4115 651 4176 ita
673 4115 895 4196 progrediatur
915 4112 963 4172 vel
989 4112 1093 4192 potius
1112 4112 1319 4192 regrediatur,
1343 4123 1376 4174 ut
1399 4113 1478 4174 lrsec
1501 4115 1588 4174 notio
1611 4135 1668 4195 per
1690 4115 1780 4174 aliem
1804 4114 1981 4190 deliniatur,

232 4261 310 4322 quae
327 4241 393 4319 ipsa
409 4255 487 4296 nova
510 4233 698 4295 delinitione
716 4233 855 4312 indigeat
878 4250 986 4310 esque,
1011 4237 1046 4292 ut
1061 4250 1118 4310 par
1132 4237 1191 4305 est,
1210 4232 1313 4292 statim
1332 4233 1522 4294 instruatur:
1544 4223 1646 4298 dilen
1660 4229 1687 4298 δ’
1701 4226 1787 4297 ἐστὶν
1801 4223 1981 4316 ἄνβρωιιος,

232 4355 267 4436 ὃς
288 4387 318 4424 κ.
340 4379 365 4420 r.
386 4361 433 4435 b,
459 4371 517 4414 nec
545 4371 606 4414 non
632 4351 712 4411 bunc
735 4353 862 4411 alteram
893 4349 1107 4415 definitionem
1136 4351 1184 4409 vel
1215 4351 1307 4410 tertis
1335 4351 1442 4412 eadem
1463 4352 1593 4437 ⁸ratione
1618 4359 1781 4429 sequatur:
1815 4349 1920 4434 ascripta
1948 4347 1981 4416 di

231 4469 374 4564 ὄργανον
396 4477 521 4552 mab,
537 4470 680 4552 prolecto
700 4471 726 4529 si
748 4470 787 4531 ad
809 4471 937 4530 alteram
962 4467 1235 4548 perflcieudsmea
1257 4469 1324 4550 ipsa
1346 4469 1433 4530 notio
1455 4471 1601 4550 primaria
1617 4470 1699 4531 servi
1721 4469 1862 4531 adbibita
1885 4480 1981 4546 esset,

234 4599 321 4659 cuius
343 4591 541 4655 deliniendae
565 4609 654 4651 carrsa
677 4590 756 4649 baec
778 4589 880 4649 omnia
901 4587 993 4664 liunt,
1015 4587 1150 4648 circulus
1171 4587 1300 4648 vitiosus
1322 4589 1472 4650 existeret
1491 4591 1522 4649 iu
1547 4587 1737 4650 deliniendo.
1782 4589 1867 4668 Ergo
1890 4590 1983 4651 lectio

232 4708 402 4798 ἅυξιρωιιος
423 4702 479 4792 sin,
502 4709 639 4789 quamvis
661 4708 822 4770 codicibus
845 4713 962 4768 lantum
986 4702 1028 4767 Sl
1049 4715 1082 4768 et
1105 4701 1153 4766 Ῥ
1175 4715 1207 4768 et
1228 4709 1418 4768 correcturis
1439 4703 1528 4768 ΡΜ·
1553 4704 1604 4766 llll
1626 4709 1758 4782 nitatur,
1783 4710 1856 4787 quin
1880 4709 1983 4768 serior

232 4835 273 4895 sil
295 4839 327 4894 et
359 4829 531 4908 antiquior,
563 4825 668 4888 nullus
693 4827 814 4898 dubito,
838 4827 1020 4907 praesertim
1048 4846 1134 4898 cram,
1163 4827 1317 4904 quamsit
1343 4826 1394 4886 hic
1418 4827 1505 4886 locus
1532 4848 1549 4887 s
1572 4827 1705 4888 librariis
1733 4829 1890 4901 turbatus,
1916 4828 1983 4908 ipsa

232 4951 380 5017 Grallelmi
401 4949 495 5010 lectio
518 4947 705 5009 documento
727 4947 779 5008 sit.
823 4947 1013 5026 Quamquam
1035 4947 1143 5007 nesclo
1168 4964 1206 5006 an
1231 4945 1298 5026 ipse
1321 4945 1509 5007 Aristoteles
1531 4966 1572 5007 ne
1594 4945 1638 5008 sic
1661 4946 1785 5025 quidem
1808 4947 1984 5028 scripserit,

232 5109 648 5126 W

398 5201 426 5268 7)
446 5202 611 5270 „quicumque
631 5213 669 5249 res
686 5213 802 5264 possessa
820 5205 863 5249 aut
881 5213 966 5248 servas
984 5201 1045 5248 est¹⁴
1082 5196 1114 5247 V.
1133 5197 1267 5249 Thurot
1286 5199 1303 5248 l.
1323 5198 1340 5248 l.
1359 5215 1383 5264 p.
1403 5203 1462 5249 tel.
