4670 5824
1103 287 1332 362 *6-

333 500 543 568 aceusativum
571 498 695 582 linguae
722 495 841 581 legibus
869 490 1049 576 respondere
1071 490 1176 574 putat,
1204 493 1286 555 recte
1313 489 1394 554 haud
1420 489 1512 557 dubie
1534 489 1714 566 iudicasset,
1741 487 1770 552 si
1790 486 1870 552 ratio
1892 505 1948 552 nos
1970 487 2100 569 cogeret,

333 630 369 686 ut
389 621 490 704 ipsam
512 616 670 704 φρόνησιν
693 616 724 680 et
746 611 861 700 ἀρετὴν
883 628 969 674 arma
990 627 1057 673 esse
1079 609 1253 674 iniustitiae
1274 609 1502 688 arbitraremur,
1525 611 1578 674 sed
1600 629 1687 676 secus
1712 627 1745 673 so
1767 627 1832 672 rem
1854 606 1966 673 habere
1987 605 2101 670 dudum

333 739 455 804 ostendi
465 739 499 824 9).
532 735 669 817 Quodsi
689 731 870 819 glossatoris
892 747 958 794 esse
981 730 1056 792 haec
1077 728 1169 793 verba
1192 728 1342 811 opinatur,
1363 729 1517 812 glossator
1530 729 1643 813 potius,
1666 729 1789 810 qualem
1804 726 1864 791 sibi
1884 725 1973 789 linxit
1995 723 2101 789 eodem

334 876 440 924 secum
462 874 563 921 errore
585 855 762 938 deceptum,
792 851 821 915 si
850 865 941 914 sanae
962 847 1077 912 mentis
1100 847 1180 924 erat,
1203 848 1240 911 ut
1261 846 1420 933 φρόνησιν
1442 851 1474 910 et
1497 846 1611 933 ἀρετὴν
1633 865 1719 912 arma
1739 845 1796 910 illa
1817 863 1883 910 csse
1904 843 2100 927 significaret,

334 977 474 1043 scholion
496 993 585 1039 suum
604 991 665 1038 non
687 971 726 1036 ad
745 965 802 1055 οἷς,
825 968 879 1034 sed
899 967 937 1032 ad
959 961 1043 1033 δνλο
1065 965 1237 1030 adscribere
1253 965 1358 1047 itaque
1373 965 1548 1032 accusativo
1563 982 1624 1030 non
1639 965 1743 1030 dativo
1763 965 1811 1029 uti
1825 963 1964 1028 debehat.
1994 961 2101 1042 Neque

333 1096 371 1161 G.
394 1093 643 1159 Hermannum
664 1089 720 1158 καὶ
743 1086 858 1175 ἀρετὴν
878 1086 1011 1162 tantum,
1033 1083 1066 1148 id
1088 1083 1168 1166 quod
1189 1103 1311 1149 mecum
1333 1085 1574 1150 communicavit
1589 1085 1637 1149 vir
1657 1084 1830 1168 praeclarus
1845 1082 1886 1146 H.
1903 1080 2100 1165 Sauppius,

335 1231 505 1299 expungere
534 1210 690 1276 volentem
712 1226 819 1274 verum
841 1205 996 1270 invenisse
1017 1222 1140 1282 censeo,
1167 1204 1312 1285 quoniam
1334 1205 1410 1270 haec
1437 1205 1544 1283 verba,
1571 1204 1600 1268 si
1619 1204 1717 1286 ipsius
1737 1201 1919 1268 Aristotelis
1940 1218 2000 1264 non
2020 1199 2100 1274 sunt,

333 1331 413 1396 unde
436 1330 588 1412 originem
607 1327 719 1392 babere
736 1323 908 1410 potuerint,
940 1321 991 1387 rix
1013 1323 1176 1404 quisquam
1197 1339 1253 1386 nos
1275 1321 1405 1388 docebit.
1450 1323 1536 1402 Quae
1555 1341 1625 1388 eum
1647 1323 1693 1387 ita
1714 1323 1794 1399 sint,
1817 1339 1916 1384 noune
1937 1319 2101 1404 apparete

333 1469 405 1516 vera
433 1451 485 1515 ria
505 1467 556 1514 me
584 1465 645 1512 non
668 1445 824 1509 aberrasse
853 1458 908 1526 pro
931 1440 1045 1526 ἀρετὴν
1066 1441 1162 1504 aliam
1186 1458 1293 1505 vocem
1314 1439 1557 1520 desiderantem,
1588 1460 1648 1524 qua
1676 1440 1844 1507 voluntatis
1873 1437 2004 1504 firmitas
2028 1437 2101 1502 effe-

336 1571 445 1636 ratur?
465 1570 571 1632 utnrm
592 1567 697 1630 autem
719 1564 863 1650 ἐνέργεια
885 1561 928 1626 sit
950 1560 1025 1624 baec
1046 1577 1106 1624 vox
1124 1577 1164 1624 an
1186 1559 1338 1647 καρτερία
1352 1578 1391 1624 an
1412 1560 1497 1627 aliud
1511 1560 1594 1642 quid,
1617 1559 1759 1642 equidem
1773 1557 1854 1624 nihil
1869 1576 1983 1622 moror:
2005 1557 2100 1620 immo

335 1708 433 1772 neque
456 1689 621 1776 ἐνέργειαν
637 1701 733 1767 neque
748 1680 919 1768 κοιρνερίον
940 1678 1005 1744 ullo
1027 1678 1090 1743 alio
1105 1677 1185 1762 apud
1198 1677 1402 1744 Aristotelem
1416 1678 1483 1745 loeo
1498 1679 1556 1744 tali
1575 1679 1608 1744 vi
1621 1677 1793 1762 praeditum
1814 1695 1881 1744 esse
1902 1693 1963 1742 non
1976 1691 2102 1759 possum

335 1826 397 1875 non
419 1804 591 1872 concedere.

503 1925 611 2006 Neque
632 1921 747 1987 rectius
767 1921 800 1984 in
822 1918 923 2003 fflpibe
945 1919 1054 1982 sexto
1084 1920 1176 1985 τοῦτο
1203 1916 1241 2000 δὴ
1270 1917 1305 1984 τὸ
1333 1916 1461 1986 δίκαιον
1486 1915 1594 1986 πολλοὶ
1620 1919 1682 1984 τιῖιν
1712 1919 1746 1984 ἐν
1773 1923 1837 1994 τοῖς
1866 1917 1976 2004 νόμοις
1997 1911 2102 2000 ὥσπερ

336 2048 457 2135 §tropa
479 2045 662 2133 γράφοννοι
684 2039 893 2127 παρανόμων,
916 2037 1026 2114 125511,
1049 2035 1137 2117 isq,
1154 2034 1221 2100 sine
1242 2053 1334 2100 sensu
1355 2053 1422 2100 esse
1444 2037 1633 2102 asseveravit
1646 2035 1870 2120 Madvigius:
1892 2035 1965 2117 quin
1987 2051 2100 2112 vereor,

336 2185 375 2230 ne
403 2165 470 2229 sine
496 2179 589 2228 sensu
616 2159 720 2244 potius
750 2157 813 2221 sint
840 2155 873 2223 rb
901 2157 935 2222 ἐν
963 2161 1027 2232 τοῖς
1053 2154 1183 2240 νόμοις,
1210 2155 1321 2236 quibus
1345 2155 1513 2239 propositis
1541 2155 1645 2222 locum
1671 2173 1795 2220 sanasse
1823 2153 1884 2221 sibi
1912 2153 2033 2220 videtur
2053 2154 2103 2218 vir

338 2281 576 2350 eruditissimus.
611 2278 752 2358 Namque
774 2293 844 2340 oum
864 2275 953 2360 νόμῳ
974 2273 1054 2358 apud
1076 2273 1209 2339 Graecos
1229 2290 1291 2338 non
1312 2273 1460 2356 scriptam
1480 2275 1583 2339 solum
1604 2273 1716 2358 legem,
1737 2291 1844 2338 rerum
1868 2273 1965 2338 etiam
1983 2291 2104 2338 morem

338 2405 430 2484 atque
459 2396 712 2465 consuetudinem
742 2393 910 2479 significari
941 2392 1058 2458 nemini
1080 2393 1222 2475 ignotum
1243 2393 1350 2477 sitio),
1383 2411 1509 2478 quaero,
1546 2393 1579 2456 in
1604 2411 1664 2476 qua
1685 2393 1747 2458 alia
1765 2411 1799 2457 re
1818 2394 1937 2457 iustum
1950 2393 2104 2478 (δίκαιον)

338 2520 399 2586 nisi
417 2521 449 2584 in
468 2518 579 2604 νόμοις
608 2517 709 2580 inesse
732 2513 825 2596 queat
835 2513 890 2598 11),
918 2511 946 2575 si
977 2529 1050 2576 vero
1072 2511 1105 2574 in
1126 2511 1213 2575 nulla
1233 2511 1343 2594 queat,
1370 2510 1443 2594 quid
1466 2511 1628 2576 absurdius
1648 2513 1749 2594 possit
1769 2511 1937 2594 excogitari
1954 2529 2044 2592 quam
2065 2509 2102 2576 νὸ

338 2645 372 2709 ἐν
394 2646 457 2716 τοῖς
477 2637 589 2722 νόμοις
608 2633 687 2700 illud
703 2651 764 2698 non
784 2630 875 2696 modo
889 2631 960 2714 post
982 2630 1016 2698 τὸ
1037 2630 1176 2716 δίκαιον,
1197 2648 1305 2696 verum
1319 2631 1501 2714 interposito
1522 2633 1681 2714 praeterea
1696 2627 1804 2696 πολλοὶ
1828 2630 1965 2695 subiecto
1981 2647 2104 2694 summa

339 2777 409 2823 cum
430 2755 583 2842 gravitate
603 2755 674 2836 post
696 2753 775 2815 hane
796 2750 953 2814 notionem
974 2748 1168 2813 collocatum.
1199 2748 1311 2814 Contra
1333 2768 1404 2814 cum
1427 2749 1562 2834 plurima
1582 2749 1778 2814 inveniantur
1798 2748 1878 2832 apud
1899 2748 2103 2813 Aristotelem

339 2877 506 2942 insolenter
527 2872 619 2949 dicte,
642 2889 695 2935 our
715 2887 776 2934 non
799 2869 957 2933 credamus
980 2868 1054 2945 τοὺς
1076 2869 1110 2934 ἐν
1131 2875 1195 2945 νοῒς
1216 2867 1326 2954 νόμοις
1348 2887 1438 2952 posse
1461 2887 1512 2934 eos
1535 2870 1653 2947 uocari,
1684 2868 1738 2950 qui
1761 2868 1794 2932 in
1821 2866 1942 2951 legibus
1963 2886 2103 2951 perscru-

339 2994 442 3060 tandis
461 2991 621 3056 versantur
650 2989 716 3054 sive
745 2987 782 3052 de
802 2987 922 3070 legibus
949 2985 1220 3070 philosophantur,
1256 3005 1311 3070 ego
1334 2988 1459 3072 quidem
1480 3006 1539 3053 non
1562 2988 1719 3071 intellego.
1763 2987 1866 3052 Unum
1886 2986 1990 3066 video,
2022 2989 2104 3071 quod

339 3114 439 3199 possib
466 3110 539 3176 huid
563 3107 609 3173 rei
634 3123 819 3191 repugnare,
849 3103 905 3171 καὶ
936 3105 971 3167 in
995 3103 1097 3168 verbis
1118 3105 1316 3186 sequentibus
1336 3105 1392 3174 καὶ
1425 3113 1489 3188 τοῖς
1510 3106 1570 3194 μὲν
1592 3102 1692 3186 οὕτως
1718 3113 1811 3175 δοκεῖ
1826 3112 1889 3184 τοῖς
1910 3104 1944 3173 δὲ
1966 3109 2103 3191 ἐκείνως,

339 3231 396 3302 mi
418 3232 480 3299 rain
500 3229 614 3313 σοφῶν
637 3229 678 3312 (v.
704 3225 740 3288 11
760 3226 819 3309 sq.)
842 3222 984 3288 additum
1005 3223 1077 3287 ante
1098 3224 1160 3290 τῶν
1182 3225 1311 3309 σοφοῖν,
1342 3225 1371 3290 si
1393 3225 1516 3308 quidem
1546 3226 1586 3291 lis
1609 3226 1675 3303 illa,
1698 3224 1735 3290 de
1757 3243 1816 3308 que
1837 3242 1937 3290 sermo
1958 3226 2104 3290 hocloco

342 3354 405 3428 est,
431 3350 478 3414 sic
503 3366 564 3412 non
589 3347 671 3410 inter
692 3344 946 3430 philosophantes
968 3341 1129 3406 dumtaxat
1156 3343 1272 3408 versari
1294 3343 1450 3422 videatur,
1478 3343 1511 3408 id
1533 3343 1614 3427 quod
1634 3345 1718 3408 recte
1737 3345 1872 3408 sentiens
1893 3344 2025 3410 Coraes
2046 3343 2104 3412 καὶ

340 3470 425 3538 istud
446 3466 582 3544 seclusit,
604 3465 742 3529 attamen
760 3481 799 3527 ne
820 3462 878 3526 hae
901 3460 1025 3542 quidem
1045 3460 1208 3538 medicina,
1232 3462 1293 3526 nisi
1308 3463 1503 3528 vehementer
1516 3462 1616 3541 fallor,
1637 3480 1712 3546 opus
1736 3463 1792 3540 est,
1815 3479 1886 3526 cum
1906 3480 1967 3527 non
1988 3481 2104 3542 omnes,

342 3592 396 3676 qui
416 3585 678 3672 philosophantur,
700 3581 854 3664 sapientes
876 3580 999 3666 (σοφοί)
1022 3580 1094 3645 sint.

509 3703 615 3768 Iltiam
634 3702 721 3785 peius
743 3700 848 3783 lapsus
868 3699 915 3764 est
936 3698 1020 3763 idem
1034 3697 1242 3782 Madvigius
1264 3700 1297 3765 in
1316 3701 1423 3766 eadem
1444 3701 1710 3785 argumentatione
1724 3700 1826 3767 verbis
1848 3700 1901 3770 διὰ
1925 3703 1991 3790 γὰρ
2013 3704 2105 3769 rofino

343 3836 406 3908 τοῖς
425 3825 484 3912 μὲν
505 3819 615 3892 advoc
636 3817 782 3889 δοκεῖτὸ
805 3819 932 3887 δίκαιον
955 3811 1051 3902 εἶναι,
1074 3824 1137 3896 τοῖς
1159 3818 1183 3886 δ’
1208 3818 1289 3886 αὐτὸ
1312 3821 1404 3887 τοῦτο
1417 3817 1555 3899 δίκαιον,
1577 3821 1611 3888 τὸ
1634 3820 1689 3888 τὸν
1709 3821 1872 3908 κρείττονα
1894 3815 2017 3908 άρχειν,
2040 3822 2104 3888 ἕκελ

343 3944 544 4018 διοστάντισν
565 3970 605 4029 γε
625 3935 728 4024 χωρὶς
748 3938 867 4004 τούτων
890 3939 952 4004 τῶν
972 3935 1082 4025 λόγων
1102 3929 1173 4005 οὕτε
1192 3937 1330 4026 ἰσχυρὸν
1350 3935 1444 4008 οὐδέν
1465 3936 1600 4023 ἔχουσιν
1622 3934 1695 4007 οὔτε
1716 3937 1857 4019 πιθανὸν
1876 3935 1981 4026 ἅτεροι
2003 3941 2106 4028 λς’γοι,

343 4069 386 4144 ὡς
407 4064 447 4132 οὐ
466 4059 568 4132 δεῖτὸ
585 4059 709 4146 βέλτιον
730 4057 799 4124 κατ’
823 4055 938 4143 ἀρετὴν
959 4050 1074 4142 άρχειν
1092 4054 1150 4124 καὶ
1171 4036 1337 4138 δεσπόζεινΙ
1354 4060 1396 4143 (v.
1420 4058 1459 4122 17
1478 4061 1558 4144 sqq.)
1581 4077 1696 4142 negans
1719 4077 1842 4124 eausam
1864 4060 1994 4125 indicari
2016 4079 2106 4144 prae·

344 4183 517 4250 cedentium
546 4173 648 4246 οάτιον
672 4175 706 4244 bl
732 4176 849 4257 ταύτης
874 4177 927 4258 τῆς
955 4174 1240 4262 ἀμφισβητήσεως,
1268 4174 1324 4243 καὶ
1352 4167 1477 4244 Saces?
1499 4177 1572 4254 τοὺς
1601 4177 1721 4264 λάγους
1741 4178 1955 4246 ἀπαλλάττειν
1975 4210 2008 4247 κ.
2031 4209 2055 4246 τι
2076 4190 2106 4246 λ.

344 4305 385 4388 (ι.
410 4303 450 4365 12
465 4301 554 4383 sqq).
597 4296 631 4361 Si
653 4295 737 4360 enim
756 4313 818 4360 non
840 4313 930 4359 musa
951 4295 1062 4358 horum
1083 4293 1148 4357 illis
1170 4293 1331 4372 indicatum,
1353 4295 1505 4378 quomodo
1528 4295 1709 4362 contendere
1728 4299 1833 4383 potuit
1852 4298 2053 4382 philosophus
2074 4300 2108 4364 id

345 4422 462 4504 ipsum,
492 4412 537 4484 ὅτι
558 4417 673 4502 τρόπον
692 4411 764 4481 τινὰ
786 4413 879 4500 ἀρετὴ
904 4410 1123 4502 τυγχάνουσα
1143 4412 1304 4501 χορηγίας
1325 4411 1382 4481 καὶ
1402 4413 1573 4500 βιάζεσβιιι
1596 4415 1731 4482 δύναται
1754 4416 1918 4501 μάλιστα,
1941 4417 1998 4485 καὶ
2020 4413 2108 4484 ἔστιν

530 4593 560 4656 9)
578 4591 609 4641 In
630 4590 734 4652 Quaeat.
755 4588 809 4639 crit.
829 4585 861 4634 nd
880 4584 958 4633 Arist.
979 4582 1036 4632 Pol.
1055 4582 1099 4633 lib.
1118 4582 1142 4632 1.
1160 4581 1240 4633 et'11.
1258 4583 1365 4649 append.
1385 4583 1496 4650 (Gryph.
1515 4583 1744 4654 orbeccum)
1762 4605 1787 4653 p.
1808 4593 1832 4638 5.

515 4676 620 4744 10)(11.
642 4677 691 4737 111,
714 4680 752 4725 16.
775 4667 1016 4735 11871),1εο.ἴτι
1038 4665 1194 4737 κυριώτεροι
1216 4673 1262 4720 sal
1284 4673 1346 4736 περὶ
1369 4671 1536 4738 κυριωτέρων
1553 4665 1606 4723 τῶν
1628 4667 1696 4725 sotei
1714 4670 1861 4742 γράμματα
1885 4671 1973 4744 νόμον
1996 4669 2025 4728 οἱ
2038 4671 2108 4727 κατά

474 4783 513 4818 ero
540 4797 547 4812 .

346 4788 378 4822 w
397 4768 456 4835 von
513 4766 560 4899 ivl)
577 4829 665 4882 Verba
681 4828 857 4896 praecedentia
874 4841 899 4878 r.
919 4832 933 4875 11
952 4841 1007 4890 sqq.
1028 4825 1064 4874 sic
1081 4824 1281 4889 interpungenda
1298 4838 1353 4875 esse
1371 4832 1455 4876 censet
1471 4825 1657 4892 Hampkius
1675 4829 1701 4879 in
1719 4829 1849 4894 Philologi
1867 4828 1997 4881 tXXIV.
2013 4845 2038 4895 p.
2049 4834 2109 4881 172.

346 4941 371 4974 n.
391 4930 421 4974 ³:
439 4919 494 4976 ἔστι
511 4916 563 4989 γάρ
581 4934 620 4971 τις
639 4921 684 4969 nal
702 4911 771 4969 κοινά
791 4911 872 4982 νόμον
891 4907 983 4966 dailos
1005 4918 1050 4964 κο1
1077 4907 1211 4964 δουλεύων
1229 4905 1257 4977 (δ
1275 4903 1327 4978 γάρ
1344 4906 1425 4978 νόμον
1442 4905 1568 4980 ὁμολογία
1588 4914 1649 4981 τις),
1677 4911 1705 4967 ἓν
1722 4905 1743 4981 ᾧ
1762 4909 1795 4967 τά
1813 4910 1885 4970 κατά
1903 4912 2022 4985 adlapsos
2037 4935 2111 4984 xpa-

346 5007 462 5076 τοῦμενο
481 5002 534 5060 τῶν
551 5001 722 5074 κρατούντων
739 4998 810 5054 εἶναί
826 5018 915 5068 φασιν.
951 4999 1016 5062 Ego,
1035 5000 1080 5050 etei
1098 4987 1116 5069 ᾖ
1133 4988 1216 5064 φτοοῷ
1234 4999 1354 5064 seriptum
1371 5013 1426 5050 esee
1444 4999 1538 5062 malim,
1556 5001 1734 5054 minuetnmen
1747 5005 1837 5054 durum
1849 5019 1903 5054 esse
1916 5005 2014 5055 dicendi
2028 5019 2112 5068 genus

346 5095 499 5162 pronominis
516 5100 632 5143 neutrum
650 5091 682 5142 ed
700 5085 828 5158 ὁμολογία
846 5087 952 5137 relatum
969 5100 1045 5150 quum
1065 5086 1132 5136 hanc
1149 5083 1310 5139 construendi
1329 5083 1452 5136 rationem
1470 5088 1628 5139 crediderim.
1665 5089 1759 5140 &usae
1783 5099 1856 5149 certe,
1876 5091 1924 5140 nisi
1941 5089 2023 5170 utroq
2035 5091 2114 5142 debet

346 5198 401 5233 esse
419 5182 472 5232 hic:
498 5180 560 5242 „das
584 5175 736 5228 betreffende
759 5173 850 5225 Genea
867 5173 979 5223 numlieh
996 5173 1030 5222 ist
1048 5174 1104 5223 eine
1121 5170 1336 5231 Uebereinkunti,
1359 5171 1493 5224 inuerbelb
1511 5173 1560 5240 (-..-·
1577 5177 1707 5242 vermbge)
1732 5177 1804 5226 deret
1822 5190 1880 5226 men
1899 5175 1940 5225 die
1963 5175 1996 5224 im
2015 5175 2115 5242 Kriego

345 5265 568 5320 Ueberwundenen
586 5263 627 5315 1111·
643 5262 796 5327 Eigenthnm
815 5260 859 5310 der
879 5257 966 5322 Sieger
983 5257 1102 5308 callauda
