4684 5830
1099 327 1327 402 ..6-

334 543 420 614 aar&
441 541 555 628 ψυχὴν
576 536 750 628 despesos
771 540 957 626 θεωρητέον,
980 540 1015 606 ἒν
1037 531 1063 625 ᾧ
1083 541 1176 608 τοῦτο
1198 542 1310 624 δῆλον·
1336 540 1399 607 τῶν
1420 538 1488 628 γὰρ
1508 538 1689 624 μοχθηρῶν
1713 531 1732 620 ἢ
1756 540 1932 626 μοχθηροῖς
1953 539 2096 624 ἑχόντων

334 664 453 748 δόξειεν
485 655 529 729 dev
560 655 676 748 άρχειν
706 659 859 738 πολλάκις
889 657 925 727 rb
958 659 1057 746 σῶμα
1083 659 1137 742 πῆς
1164 659 1277 742 ψυχῆς
1305 657 1360 725 διά
1391 655 1426 725 rb
1452 654 1585 741 φαύλως
1614 651 1671 724 καὶ
1683 655 1722 740 ¹⁶)
1750 654 1839 743 παρὰ
1867 657 1969 742 φύσιν
1999 652 2096 742 ἔχειν,

333 781 497 860 abb—b,
520 781 550 857 2,
580 779 619 844 ab
647 780 705 843 hac
733 778 921 862 digressione
951 777 1052 844 verbis
1079 771 1145 846 iura
1168 777 1194 846 δ’
1218 768 1298 856 οὖν,
1330 771 1436 862 ὥσπερ
1457 774 1611 862 λέγομεν,
1637 775 1761 864 speivan
1784 777 1818 842 dv
1840 775 1910 860 ςῴω
1932 777 2096 862 θεωρῆσαι

333 931 365 968 κ.
386 928 412 968 ι.
434 909 475 983 ιι,
496 897 525 978 b,
550 899 570 962 2
591 877 667 980 sqq,
688 896 768 962 redit
789 896 828 962 ad
849 897 985 980 primum
1005 895 1085 962 illud
1105 913 1203 981 genus
1223 893 1396 960 accuratius
1417 891 1659 970 describendum,
1681 893 1787 976 itaque
1809 891 1949 960 uidemus
1972 895 2095 981 πρῶιον

334 1018 511 1101 repetitum,
533 1034 561 1095 a,
584 1017 626 1082 34
646 1017 678 1082 et
699 1017 728 1096 b,
752 1015 783 1095 3,
804 1015 912 1098 πάλιν,
935 1016 964 1094 b,
990 1016 1039 1093 10,
1062 1010 1104 1083 in
1126 1013 1171 1100 di,
1193 1013 1222 1092 b,
1247 1015 1296 1093 13,
1317 1012 1398 1078 inter
1418 1029 1451 1076 se
1471 1009 1714 1097 responderem).

500 1168 608 1250 Neque
629 1166 667 1231 do
685 1167 787 1232 verbis
810 1165 922 1250 eapitis
944 1164 1082 1230 octavi
1102 1158 1137 1231 ἓν
1156 1162 1218 1251 μὶν
1239 1155 1299 1232 οὑν
1320 1159 1403 1244 εἶδος
1423 1165 1572 1247 κτητικῆς
1591 1164 1678 1232 κατὰ
1697 1165 1799 1250 φύσιν
1819 1168 1873 1250 τῆς
1891 1167 2096 1254 οἰκονομικῆς

333 1291 429 1376 μέρος
454 1287 556 1355 ἓσείν·
584 1277 601 1353 ὑ
628 1292 680 1355 δεῖ
703 1281 770 1370 ἤτοι
797 1284 956 1370 ὑπάρχειν
977 1277 997 1366 ἢ
1019 1281 1154 1370 πορίζειν
1174 1282 1277 1364 αὐτὴν
1296 1277 1380 1362 ὅπως
1401 1282 1546 1370 ὑπάρχῃ,
1565 1273 1611 1350 ὧν
1632 1285 1699 1352 ἔστι
1720 1283 1949 1372 θησαυρισμὸς
1968 1287 2093 1372 χρημά-

334 1436 397 1476 rev
414 1405 490 1492 πρὸς
510 1401 594 1486 ζωὴν
615 1401 810 1490 ἀνομοίων
828 1404 871 1479 εἰς
892 1401 1066 1469 κοινωνίαν
1087 1393 1247 1484 πόλεως)
1272 1400 1388 1486 οἰκίας,
1411 1401 1492 1465 1256
1501 1402 1531 1478 b,
1546 1401 1682 1481 26-30,
1705 1401 1929 1468 constituendis
1945 1402 2094 1468 iudicium

333 1541 440 1591 meum
449 1524 487 1608 17)
512 1521 649 1600 mabri,
678 1537 865 1604 quamquam
893 1519 945 1585 hic
971 1536 1091 1603 quoqne
1116 1537 1136 1585 a
1159 1537 1211 1586 me
1238 1519 1413 1603 discrepans
1434 1520 1683 1606 Bernaysius
1704 1521 1794 1601 mab
1815 1539 1870 1605 pro
1892 1513 1910 1590 b
1934 1522 2092 1588 scribendo

334 1647 380 1710 eis
401 1642 528 1719 accedit,
550 1641 604 1724 qui
621 1639 777 1706 similibus
798 1640 983 1704 coniecturis
1001 1631 1040 1727 ᾖ,
1062 1640 1149 1705 uelut
1171 1639 1382 1706 Lambinus
1404 1641 1436 1704 et
1456 1639 1671 1718 Reislrins,
1699 1642 1754 1705 aut
1774 1634 1838 1726 ὅιι,
1863 1639 1949 1706 velut
1968 1641 2094 1706 Zarin-

332 1777 468 1845 gerus,
498 1756 685 1822 sententiam
713 1755 775 1822 sibi
801 1755 930 1822 eandem
958 1754 1097 1822 snffioero
1119 1756 1436 1843 significaverunt¹⁸),
1465 1775 1559 1840 quam
1579 1757 1818 1844 Bernapsius
1840 1758 2093 1843 interpretatione

334 1878 484 1964 expressit
505 1878 578 1940 hac:
600 1871 714 1952 „eine
734 1875 795 1940 Art
815 1873 869 1938 der
882 1874 1090 1940 Besitclrunde
1111 1875 1155 1940 ist
1176 1875 1243 1942 also
1265 1877 1315 1942 ein
1336 1877 1584 1959 naturgemtsser
1598 1875 1691 1942 Tbeil
1711 1877 1766 1942 der
1779 1877 2094 1943 Hananirtlneelnatts-

333 1999 443 2076 kunde,
465 1998 498 2061 in
519 2013 554 2060 so
576 1995 643 2058 iern
662 1993 799 2058 nbmlich
821 1991 974 2058 entueder
995 2011 1055 2058 von
1077 2011 1153 2060 vorn
1174 1994 1280 2060 hersin
1300 1994 1475 2061 verbanden
1497 1996 1564 2062 sein
1585 1999 1712 2060 missen
1730 1997 1804 2061 oder
1825 1997 1876 2062 die
1897 1995 2093 2061 Hansuirth-

333 2113 550 2184 sohaitskunde
571 2112 778 2179 ueranstalten
798 2129 895 2190 mnss,
917 2112 988 2178 dass
1010 2112 1184 2179 norhanden
1205 2114 1288 2179 scien
1310 2114 1360 2179 die
1372 2114 1479 2181 Mittel
1496 2133 1549 2179 zur
1562 2113 1828 2200 Anlspeicherung
1845 2115 1930 2181 eines
1943 2113 2093 2180 Vorraths

334 2254 394 2303 uon
421 2252 493 2299 cum
522 2231 624 2296 Leben
648 2229 922 2295 unentbehrlichen
948 2229 1012 2295 und
1039 2231 1089 2294 liir
1115 2230 1166 2296 die
1192 2232 1356 2298 staatliobe
1385 2233 1448 2299 und
1474 2233 1633 2300 hlmliche
1658 2233 1892 2300 Gemeinschafo
1918 2233 2093 2300 dienlioben

333 2349 598 2437 Gcgenstanden.⁴‘
642 2347 724 2413 Num
738 2348 816 2431 quie,
838 2366 961 2431 qnaeeo,
977 2348 1159 2416 Germanice
1172 2348 1262 2430 dicet,
1278 2350 1358 2433 quod
1371 2351 1412 2416 ad
1425 2351 1510 2418 idom
1522 2353 1658 2436 prolecto
1672 2352 1772 2419 redit:
1793 2352 1904 2437 μορ),
1926 2351 2092 2428 Fischerei‚

331 2469 493 2538 Ackerbau
513 2466 576 2533 und
597 2465 769 2532 Viehzucht
788 2466 897 2532 lielern
918 2466 968 2532 die
988 2466 1095 2532 Mittel
1115 2468 1182 2532 sich
1203 2467 1252 2533 die
1273 2469 1401 2555 nothige
1422 2469 1572 2554 Nahrnng
1591 2471 1862 2555 uuizuspeicbern“
1888 2489 1943 2555 pro
1965 2471 2095 2550 „liefern

332 2591 382 2656 die
402 2588 531 2670 notbige
551 2585 721 2670 Namunps
747 2583 797 2648 vel
824 2583 952 2663 „liefern
974 2585 1032 2650 den
1053 2587 1202 2671 nothigen
1223 2587 1356 2653 Vorrath
1381 2606 1441 2653 von
1464 2587 1659 2673 domange?
1707 2589 1807 2655 lmnm
1834 2606 1885 2654 ars
1914 2588 2091 2672 acquirendi

331 2704 482 2772 naturalis
501 2721 562 2768 non
583 2700 736 2787 praesidia
752 2703 876 2765 tantum
891 2701 990 2780 offert,
1010 2702 1121 2785 quibus
1142 2704 1312 2772 instinctus
1332 2723 1380 2772 res
1403 2706 1442 2772 ad
1463 2707 1563 2774 vitam
1578 2707 1674 2773 utiles
1695 2725 1874 2774 macerarere
1894 2707 2009 2790 aliquis
2029 2707 2090 2770 eibi

332 2827 433 2908 queat,
455 2822 510 2888 sed
528 2822 597 2904 ipsa
618 2821 719 2904 ipsam
737 2819 851 2886 ulium
869 2837 972 2886 rerum
990 2819 1112 2904 copiam
1132 2823 1390 2912 (eqeavprcpdn)
1411 2829 1569 2908 procreat:
1590 2826 1709 2910 alioqui
1730 2827 1813 2892 enim
1834 2845 1895 2892 non
1915 2827 1969 2910 qui
1983 2843 2092 2912 agrum

250 2929 258 2944 ’
332 2943 418 3020 colit,
437 2939 492 3004 sed
513 2939 567 3020 qui
587 2938 653 3020 ipse
674 2936 735 3002 sibi
755 2938 836 3002 huno
856 2938 889 3000 in
903 2936 997 3002 finem
1016 2936 1224 3006 instrumenta
1241 2943 1357 3009 rustice
1377 2943 1552 3023 lubricatum,
1574 2947 1674 3012 artem
1689 2947 1779 3013 illam
1793 2947 1955 3012 exerceret
1983 2945 2092 3027 Neque
2193 2984 2198 2994 ·

331 3061 494 3146 quisquam
517 3073 608 3121 sanae
627 3056 742 3121 mentis
764 3055 856 3121 homo
878 3055 1062 3139 postulabit,
1086 3059 1122 3122 nt
1142 3059 1295 3125 eiusmodi
1317 3062 1471 3146 praesidia
1493 3081 1530 3128 ox
1550 3065 1637 3148 pnite
1658 3065 1754 3131 etiam
1775 3067 1842 3131 sine
1863 3065 1941 3130 artis
1962 3080 2091 3130 oecono-

331 3179 431 3244 micue
448 3174 625 3240 interventu
645 3171 764 3251 adsint,
794 3174 849 3238 aed
866 3173 949 3256 ipsas
970 3191 1029 3252 ree,
1056 3174 1167 3258 quibus
1188 3176 1227 3242 ad
1248 3178 1414 3246 visendum
1435 3177 1538 3248 carere
1561 3185 1702 3251 homines
1722 3185 1885 3268 nequeunt,
1906 3185 1999 3267 atque
2019 3199 2092 3266 prae

332 3296 442 3362 oeteis
469 3293 709 3372 uadimonium,
734 3308 882 3376 magnam
901 3293 1023 3374 purtem
1043 3293 1108 3360 iam
1133 3296 1172 3360 ab
1192 3295 1261 3379 ipsa
1281 3299 1390 3396 natura
1409 3299 1548 3382 praeberi
1570 3303 1602 3368 et
1626 3305 1765 3387 oportere
1786 3303 1925 3387 praeberi
1947 3320 2002 3367 suo
2024 3301 2092 3366 iure

331 3413 518 3479 Aristoteles
544 3410 703 3478 contendit
728 3410 806 3477 locis
829 3409 944 3476 dudum
963 3428 982 3474 a
1000 3410 1238 3501 Bassovi'o¹⁰)
1260 3416 1300 3481 ad
1324 3435 1373 3496 ea,
1403 3418 1441 3484 de
1462 3419 1572 3502 quibus
1593 3440 1674 3488 nunc
1694 3423 1864 3505 loquimur,
1894 3421 1987 3486 verbs
2006 3422 2091 3485 recte

333 3531 521 3600 emendanda
541 3531 646 3594 allatis
667 3549 692 3594 c.
711 3531 760 3594 10.
781 3529 897 3608 12588,
919 3531 960 3594 20
975 3547 1041 3613 sqq.
1063 3532 1150 3600 ἀλλὰ
1171 3541 1222 3603 δεῖ
1235 3537 1328 3604 τοῦτο
1347 3535 1408 3623 μὲν
1429 3539 1587 3626 ὑπάρχειν
1609 3535 1727 3626 (ὥσπερ
1742 3541 1810 3628 γάρ
1824 3540 1881 3608 καὶ
1895 3539 2091 3624 άνβράπους

332 3653 371 3719 οὐ
393 3648 511 3731 messii}
533 3648 685 3733 πολιτική,
705 3647 791 3715 cited
809 3650 961 3734 λαβοῦσα
984 3648 1072 3732 παρὰ
1090 3651 1144 3732 τῆς
1165 3651 1293 3735 φύσεως
1313 3655 1430 3740 χρῆναι
1451 3655 1570 3740 αὐτοῖς,
1591 3651 1675 3724 οὕτω
1697 3654 1754 3723 καὶ
1776 3656 1895 3743 τροφὴν
1917 3653 2092 3737 τὴνφύσιν

332 3778 382 3840 δεῖ
404 3768 608 3854 παραδοῦναι
630 3766 695 3854 γῆν
714 3759 734 3848 ἢ
756 3767 925 3844 βάλαεεαν
946 3761 965 3849 ἢ
988 3762 1069 3834 ἄλλο
1091 3771 1146 3853 ιι)·
1174 3771 1212 3837 tac
1229 3767 1264 3839 dt
1279 3771 1400 3840 cadram
1422 3773 1465 3851 ὦς
1482 3779 1533 3842 δεῖ
1551 3774 1656 3842 ταῦτα
1677 3778 1839 3851 διαβεῒναι
1860 3773 2010 3859 προσήκει
2032 3771 2091 3839 τὸν

331 3889 504 3974 οἰκονόμον
528 3886 560 3950 eb
581 3886 623 3950 34
645 3902 713 3967 sqq.
736 3883 881 3969 μάλιστα
901 3885 949 3969 δέ,
971 3887 1121 3974 καθάπερ
1143 3883 1260 3974 εἴρηται
1277 3890 1438 3977 πράιερον,
1458 3898 1511 3960 δεῖ
1525 3893 1620 3976 φύσει
1643 3893 1737 3960 τοῦτο
1759 3890 1934 3978 ὑπάρχειν·
1962 3889 2093 3975 φάσεως

330 4009 398 4097 γάρ
427 4007 513 4075 tens
538 3999 635 4093 ἔργον
663 4001 783 4090 τροφὴν
811 4003 857 4086 εῷ
879 4006 1067 4090 γεννρβένει
1089 4007 1242 4093 παρέχειν
1272 4037 1303 4074 ιι.
1324 4036 1350 4074 r.
1371 4019 1399 4075 λ.
1451 4009 1485 4074 Si
1505 4009 1602 4094 igitur
1622 4010 1686 4075 lale
1706 4009 1780 4093 quid
1801 4010 1860 4074 hoc
1881 4026 2000 4093 quoque
2021 4007 2092 4074 loco

330 4126 412 4192 haud
438 4124 529 4190 dubie
553 4123 663 4200 uoluit,
692 4122 747 4186 aut
776 4139 838 4187 non
860 4123 963 4205 potuit
993 4141 1053 4189 non
1082 4141 1136 4207 pro
1166 4116 1212 4192 ὧν
1239 4120 1304 4193 ima
1331 4125 1411 4210 (uel,
1438 4130 1475 4190 ut
1500 4126 1733 4211 Madvigius
1762 4127 1895 4193 coniecit
1921 4118 1947 4211 ᾧ
1974 4121 2091 4211 ἔνεστι)

330 4243 559 4330 οησαυρισμός
579 4241 659 4306 nude
680 4240 785 4324 potius
806 4240 939 4306 scdbere
959 4242 1198 4328 θησαυρισμόιι
1211 4245 1266 4308 aut
1286 4243 1421 4326 scripsit,
1444 4243 1477 4309 id
1497 4245 1578 4328 quod
1598 4246 1771 4312 Rassoui
1792 4245 1999 4311 coniecturam
2018 4261 2093 4311 cum

331 4361 529 4444 Madvigium
555 4361 684 4444 iungens
711 4376 791 4424 nunc
812 4376 932 4442 quoque
955 4357 1163 4444 reponendum
1184 4377 1252 4424 esse
1273 4359 1364 4424 duco:
1394 4352 1419 4444 ᾧ
1441 4356 1541 4429 ἔνεσιι
1566 4401 1606 4414 -
1629 4362 1744 4444 οἰκίας,
1768 4354 1792 4430 d
1814 4370 1864 4430 δεῖ
1881 4399 1924 4413 -
1944 4362 2090 4450 ὑπάρχῃ.

499 4755 545 4820 15)
566 4751 619 4805 Cur
640 4751 748 4821 φαύλοις
772 4759 818 4806 ens
842 4755 902 4806 mibi
928 4769 984 4807 eum
1009 4755 1212 4807 Buechelero
1236 4754 1344 4806 delenda
1368 4761 1393 4806 et
1411 4762 1487 4806 antee
1503 4754 1611 4824 pudice
1628 4773 1675 4824 pro
1691 4751 1837 4826 μοχθηροῖς
1856 4755 2013 4808 scribendum
2033 4770 2091 4808 esse

329 4846 444 4896 videatur
461 4855 494 4893 ex
512 4839 663 4891 auctoritate
679 4848 793 4892 vetustas
810 4841 991 4901 translationis,
1009 4841 1114 4906 exposui
1133 4842 1159 4891 ln
1177 4841 1286 4892 editione
1304 4855 1367 4893 mes.
1405 4840 1445 4894 Gi.
1467 4839 1518 4904 Qu.
1535 4845 1592 4894 erit.
1611 4845 1642 4895 de
1660 4843 1696 4896 A.
1716 4844 1746 4896 Ρ.
1765 4843 1783 4893 l.
1804 4843 1826 4893 1.
1845 4843 1881 4893 11.
1900 4857 1925 4908 p.
1945 4846 1970 4894 7.

501 4927 546 4993 lb)
566 4925 623 4976 Hoc
641 4939 681 4977 ms
699 4927 801 4976 edocuit
817 4927 988 4980 Bonitaius
1007 4928 1034 4977 in
1051 4926 1161 4993 epistula
1179 4927 1212 4976 ad
1230 4941 1269 4979 ms
1286 4927 1356 4978 dats.

497 5014 544 5080 li)
564 5011 604 5065 Ol.
623 5012 691 5062 idus.
710 5011 791 5063 Rhea.
811 5014 873 5064 XX.
891 5029 915 5080 p.
936 5019 985 5064 508
1004 5028 1042 5079 sq.
1078 5012 1128 5075 Qu.
1147 5014 1201 5063 crit
1219 5020 1285 5078 past.
1304 5010 1353 5063 IV.
1372 5029 1397 5078 p.
1418 5017 1441 5064 8.

498 5100 543 5165 ts)
560 5099 674 5150 Transiit
691 5100 717 5150 in
736 5115 822 5150 sorum
840 5109 925 5166 partes
941 5099 1030 5150 ultimo
1051 5105 1162 5164 tempore
1179 5097 1254 5148 etism
1273 5097 1445 5150 Thurotus
1464 5097 1551 5151 Bevus
1569 5101 1675 5166 critque
1692 5097 1929 5152 muccctxxn.
1952 5117 1977 5167 p.
1998 5106 2029 5153 bi
2049 5117 2088 5167 sq.

498 5186 543 5254 19)
561 5185 756 5252 Bemerlunpcn
773 5186 836 5238 uber
853 5186 936 5248 einipe
953 5183 1051 5236 Stellen
1068 5185 1113 5236 der
1129 5168 1225 5235 Pblidk
1242 5185 1286 5236 des
1303 5184 1462 5248 Aristoteles,
1485 5185 1582 5237 vimar.
1602 5183 1826 5238 mncccnxw.
1845 5201 1870 5250 p.
1890 5189 1913 5234 b.
