4610 5840
1094 343 1345 422 ..10-

344 570 461 630 eussni.
511 567 574 628 Aut
596 565 692 646 prelis
714 570 768 625 sut
790 563 956 644 epifleibus
977 561 1057 640 disi,
1087 563 1160 644 quis
1182 563 1374 626 dissentiunt
1394 563 1434 624 de
1455 562 1513 623 isse
1535 581 1570 624 re
1592 564 1676 626 teter
1696 581 1730 624 se
1752 564 1893 636 eediees,
1924 564 1956 625 irs
1978 563 2089 644 quibus

345 685 461 763 12595
483 682 524 747 13
543 677 753 770 ἐλαιουργίων
774 687 828 744 sut
848 680 1058 767 Βαιουργιῶν
1080 683 1206 763 tegitur,
1230 687 1373 744 etvetus
1394 681 1562 762 interpres,
1581 681 1634 760 qui
1655 677 1854 768 ίλαιουργῶν
1874 683 1968 744 vertit
1987 684 2088 768 („eii·

343 825 448 868 ussum
471 798 695 886 euiteriisus“).
714 819 818 880 neque
840 819 915 862 ssne
937 801 1016 862 hsee
1036 801 1137 862 siters
1157 801 1253 862 leetie
1274 819 1371 862 sensu
1392 805 1441 861 est
1464 799 1616 862 destitute
1637 808 1672 860 us
1696 819 1775 880 quse
1802 802 1946 864 hemines
1969 803 2089 864 indicet

342 927 376 986 tn
408 923 504 1005 prelis
532 927 709 1002 eeeupstes.
762 918 902 980 Priorem
932 926 1037 982 sutem
1064 920 1117 1002 qui
1145 919 1234 1000 sequi
1264 919 1433 981 maluerint
1458 919 1654 982 recentiores
1683 939 1739 982 eur
1767 916 1994 1006 ἐλαιουργίων,
2025 941 2087 983 nen

344 1025 553 1126 ἐλαιουργιοῖν
588 1037 787 1119 scripserint,
822 1038 959 1118 ingenue
994 1037 1097 1100 isteer
1126 1057 1176 1112 me
1204 1037 1339 1100 nescire.
1388 1039 1467 1100 Utut
1492 1045 1594 1099 tumen
1620 1037 1697 1100 issee
1724 1058 1777 1101 res
1803 1059 1838 1101 se
1865 1039 1975 1120 hebet,
2004 1049 2090 1102 eerte

344 1159 538 1223 restituends
564 1163 613 1217 est
635 1152 711 1217 iifl
737 1174 794 1236 pro
817 1153 908 1220 τοῦτο
928 1150 1003 1238 μὲν,
1034 1155 1120 1235 qued
1143 1174 1222 1218 nuiss
1243 1156 1373 1236 prseiset
1392 1151 1444 1229 8⁸,
1470 1157 1611 1219 eedieum
1634 1163 1812 1218 eetererum
1834 1159 1971 1220 emnium
1995 1159 2090 1220 lentie

344 1276 455 1343 τοῦτον
474 1271 550 1359 μὶν,
574 1294 643 1336 eum
666 1273 836 1354 psrtieulse
857 1266 918 1356 priv
938 1281 1047 1354 eperte
1067 1275 1257 1355 respondent
1275 1271 1381 1359 μέντοι
1402 1274 1423 1338 Ι.
1440 1269 1495 1351 31,
1516 1283 1551 1336 ut
1571 1294 1684 1336 seusus
1706 1275 1757 1336 hie
1780 1276 1838 1336 sit:
1859 1275 1945 1340 hune
1965 1277 2089 1356 quidem

344 1396 506 1476 Syracusis
526 1393 651 1473 expulit
671 1391 856 1470 dionysius,
885 1399 988 1454 temen
1011 1392 1093 1454 nihil
1114 1392 1200 1454 uliud
1227 1394 1254 1456 is
1276 1392 1397 1454 feneret
1416 1393 1479 1455 nisi
1502 1394 1584 1474 qued
1607 1401 1681 1455 ente
1704 1413 1775 1455 eum
1796 1395 1857 1456 etsi
1879 1395 1939 1454 stis
1959 1396 2089 1475 quedem

344 1516 466 1576 rstiene
489 1511 617 1573 Thsies.
659 1509 718 1584 ut,
746 1511 773 1571 si
795 1509 868 1588 quid
890 1510 997 1583 rideo,
1026 1511 1100 1572 huie
1123 1511 1215 1572 elteri
1241 1513 1380 1573 membre
1402 1505 1435 1575 τό
1455 1507 1562 1594 μέντοι
1585 1503 1695 1596 ὅραμα
1716 1540 1749 1578 κ.
1765 1535 1791 1577 τ.
1805 1519 1834 1576 λ
1856 1514 1961 1575 denuo
1984 1532 2086 1595 eppe·

344 1634 438 1696 situm
460 1637 509 1692 est
527 1631 655 1692 tertium
676 1629 697 1689 i.
712 1626 753 1690 33
775 1647 842 1708 sqq.
863 1625 1024 1712 χρήσιμον
1044 1623 1078 1694 ὁὶ
1097 1625 1261 1714 γνωρίζειν
1280 1655 1311 1694 κ.
1330 1650 1356 1693 τ.
1370 1635 1412 1702 λ,
1435 1647 1497 1708 que
1512 1630 1739 1708 quedsmmede
1759 1631 1791 1692 in
1815 1631 1973 1711 integrum
1994 1633 2089 1694 resti-

343 1757 450 1812 tuetur
476 1748 605 1828 Dionysi
632 1749 680 1809 ius
708 1748 741 1807 iu
770 1747 870 1808 nitere
899 1747 929 1808 ei
958 1747 1183 1826 quedsmmede
1208 1754 1370 1827 uegetum,
1397 1747 1514 1828 quippe
1541 1750 1595 1829 qui
1621 1749 1727 1811 omnis
1753 1750 1933 1830 menopelis
1959 1759 2090 1814 eunetse

345 1868 463 1930 etritsti
493 1867 623 1945 eiusque
649 1865 825 1928 rectoribus
847 1865 981 1928 veluerit
1008 1885 1179 1930 reservsre.
1222 1865 1370 1929 Ceterum
1399 1867 1431 1928 in
1457 1867 1559 1929 verbis
1584 1865 1618 1932 τὸ
1640 1865 1747 1952 μίντοι
1772 1861 1884 1953 όροιμα
1902 1865 2012 1934 Θάλαο
2033 1865 2089 1935 καί

345 1985 437 2051 τοῦτο
459 2003 523 2046 neu
548 1983 617 2046 sine
637 2003 728 2046 eeurss
750 1984 923 2047 hserebsnt
946 1984 1194 2047 Csmersrius
1221 1993 1254 2046 et
1275 1984 1436 2061 Cernes,
1466 2005 1596 2065 querum
1620 1987 1674 2048 ilie
1694 1979 1834 2070 εὕρημα,
1864 1986 1916 2048 irie
1937 1984 2090 2071 βεόριμια

346 2107 541 2170 emendsbst.
585 2103 723 2183 Numque
751 2121 862 2184 respue
888 2095 998 2188 όραμα
1024 2103 1186 2165 inventum
1208 2110 1262 2166 sut
1283 2103 1361 2166 lueri
1385 2103 1522 2164 iseiendi
1544 2103 1681 2166 studium
1703 2104 1882 2187 signidesre
1903 2105 1953 2167 ris
1976 2111 2089 2185 petest.

347 2225 410 2288 Sed
432 2243 537 2286 rerum
565 2240 706 2284 serrssse
737 2221 796 2282 hee
823 2239 947 2301 queque
975 2219 1044 2283 luen
1065 2221 1190 2282 ridetur
1212 2221 1360 2283 Guileimi
1381 2221 1483 2284 versio
1515 2224 1641 2302 „qued
1666 2223 1790 2285 risum
1820 2221 1949 2286 inerit
1976 2223 2090 2286 Tissii

347 2352 385 2405 es
412 2342 541 2417 huie“,
571 2342 603 2404 id
634 2348 683 2402 est
709 2337 744 2405 τό
764 2335 871 2424 μέντοι
898 2330 1008 2424 όραμα
1035 2336 1144 2424 &sitq
1171 2335 1228 2405 καὶ
1256 2337 1392 2423 τούτῳ.
1436 2340 1590 2403 Similiter
1611 2341 1798 2403 Germsnice
1821 2343 1881 2404 etsi
1907 2362 1971 2404 nen
1996 2342 2088 2423 piene

347 2463 454 2524 eedem
480 2460 602 2521 ustione
627 2459 744 2521 dixeris
771 2459 946 2534 „indessen
976 2459 1033 2520 der
1055 2458 1195 2520 ieitende
1217 2458 1468 2539 Gesiehtspunkt
1488 2478 1551 2519 wer
1571 2460 1623 2520 bei
1649 2460 1765 2521 diesem
1790 2457 2007 2544 (Symisusier)
2030 2479 2091 2521 nur

348 2600 427 2662 gens
448 2578 593 2642 derselbe
621 2579 681 2638 wie
701 2577 754 2638 bei
776 2575 928 2638 Thsies.“
971 2576 1024 2638 Sin
1052 2577 1151 2657 igitur
1171 2583 1256 2638 tetus
1279 2577 1367 2639 loeus
1393 2577 1578 2638 scribendus
1605 2586 1638 2639 et
1659 2580 1930 2659 interpungendus
1952 2579 2090 2640 videtur:

347 2699 458 2767 τοῦτον
483 2693 544 2784 μὲν
571 2683 631 2761 οὖν
654 2691 672 2759 ὃ
696 2691 864 2770 Διονύσιος
890 2691 1086 2780 αἰσθόμενος
1112 2691 1153 2760 τὰ
1178 2690 1238 2780 μὲν
1265 2691 1418 2779 χρήματα
1440 2692 1606 2760 ἐκέλευσεν
1631 2693 1890 2781 impleantur,
1918 2695 1963 2776 μὴ
1984 2693 2091 2780 μέντοι

346 2813 377 2904 γ’
402 2811 444 2882 ότι
470 2814 576 2901 μόναν
603 2812 637 2878 ἐν
658 2809 895 2896 Συρακούσαις,
927 2809 970 2888 ὦς
992 2809 1109 2898 πόρους
1139 2809 1331 2898 εὑρίσκοντα
1360 2816 1424 2888 τοῖς
1453 2809 1557 2880 αὑτοῦ
1581 2809 1774 2900 πράγμασιν
1801 2811 2027 2898 ἀσυμφόρους·
2057 2811 2090 2877 τό

346 2933 451 3020 μέντοι
472 2927 583 3018 όραμα
602 2929 691 3016 Θόλῃ
713 2927 770 2996 καί
794 2929 894 3015 τούτῳ
916 2927 1032 2998 ταύτόν
1057 2931 1160 3012 ἐστιν,
1187 2927 1358 3014 ἀμφότεροι
1379 2928 1447 3017 γὰρ
1468 2931 1593 3007 ἑαυτοῖς
1613 2929 1797 3013 ἐτέχνασαν
1817 2933 1976 3017 γενέσθαι
1996 2957 2092 3016 μονα·

347 3051 484 3119 πωλίον·
505 3047 668 3135 χρήσιμον
692 3044 726 3114 di
745 3047 910 3135 γνωρίζειν
930 3049 1032 3116 ταῦτα
1053 3045 1111 3115 καί
1132 3053 1195 3124 τοῖς
1215 3053 1400 3131 πολιτικοῖς,
1426 3053 1557 3124 πολλαῖς
1579 3045 1648 3135 γὰρ
1669 3047 1777 3115 πόλεσι
1799 3055 1851 3116 δεῖ
1865 3047 2093 3135 χρηματισμοῦ

348 3168 405 3238 καὶ
433 3167 583 3236 τοιούτων
607 3165 713 3253 πόρων
738 3161 844 3252 siesse
873 3167 962 3250 οἰκίᾳ
982 3163 1117 3253 (σι’κίαις
1137 3164 1255 3244 duim,
1279 3165 1405 3252 μᾶλλον
1429 3165 1467 3234 di
1492 3165 1644 3243 „Diesem
1667 3186 1730 3230 nun
1751 3169 1892 3230 erleubte
1914 3168 2091 3249 Dionysius,

349 3292 395 3353 sis
417 3311 453 3352 er
473 3291 526 3353 die
544 3287 645 3350 Ssehe
666 3286 788 3362 erfuhr,
811 3306 892 3348 ινιτ
912 3287 968 3349 dss
989 3305 1183 3366 gewonnene
1196 3285 1279 3350 Geid
1300 3286 1546 3363 mitsunehmen‚
1568 3288 1679 3347 rerbet
1694 3280 1758 3342 iism
1773 3281 1849 3340 siser
1863 3278 1923 3348 den
1941 3288 2091 3368 langere„

349 3407 536 3473 Auienthsit
567 3407 600 3467 in
624 3405 816 3486 Syrskusse,
846 3404 918 3467 weil
938 3424 974 3466 er
1001 3405 1058 3467 sui
1077 3403 1382 3486 Einnsismequellen
1403 3403 1554 3482 rerislle,
1583 3405 1636 3467 die
1658 3402 1726 3467 sich
1747 3402 1804 3462 mit
1825 3402 1935 3467 seinen
1958 3407 2092 3486 eigenen

350 3529 529 3590 interessen
550 3525 639 3588 nieht
661 3527 849 3605 vertr'dgen3
870 3524 1016 3586 indesseu
1039 3544 1101 3585 wer
1119 3524 1171 3585 die
1193 3523 1395 3603 Speeulstien
1417 3523 1469 3584 bei
1492 3523 1610 3584 Thsies
1633 3523 1696 3584 und
1718 3521 1771 3583 bei
1793 3522 1911 3584 diesem
1933 3543 1994 3584 nur
2014 3542 2093 3603 psus

351 3647 403 3709 die
430 3644 603 3719 similem,
631 3643 723 3704 beide
748 3640 883 3704 Minner
909 3641 1119 3704 versehsffteu
1152 3641 1220 3704 sieis
1249 3640 1386 3704 nimiieh
1414 3641 1514 3703 durets
1541 3642 1634 3703 einen
1657 3639 1836 3719 Kunstgriff
1854 3641 1947 3704 einen
1971 3643 2094 3704 Aiieiu·

350 3761 495 3840 rerksui3
521 3761 692 3842 silerdings
717 3761 793 3822 eber
818 3759 861 3822 ist
887 3759 954 3822 dies
976 3759 1154 3825 Verfshren
1182 3781 1220 3822 su
1245 3761 1370 3822 kennen
1396 3759 1476 3821 eneis
1504 3759 1557 3820 fuir
1586 3759 1637 3821 die
1658 3759 1857 3822 Stsstsieiter
1877 3780 1936 3822 ren
1959 3763 2094 3836 Nutsen,

352 3883 434 3944 deun
457 3880 558 3942 rieden
580 3881 709 3941 Stusteu
733 3879 806 3940 thui
827 3897 861 3939 es
884 3879 963 3941 eben
985 3897 1021 3940 se
1042 3879 1125 3941 Notis
1152 3878 1233 3940 Geld
1255 3878 1549 3942 herbeisuseissd'en
1575 3879 1637 3940 und
1660 3877 1768 3939 seiehe
1789 3877 2094 3959 Eiunsismequeden

352 4021 391 4063 sn
411 4002 568 4063 benutseu
591 3999 650 4060 wie
673 3997 777 4059 einem
798 3993 916 4076 (sieten
924 3992 957 4078 1)
978 3997 1169 4060 Hsnssresen
1193 3998 1257 4059 und
1279 3997 1313 4059 in
1334 3996 1418 4058 ueeh
1441 3996 1594 4058 hdiserem
1616 3994 1771 4057 Msssse.“

516 4116 553 4178 Ιν
576 4117 680 4197 espite
701 4114 825 4176 tertie
847 4114 1001 4176 decime
1031 4122 1118 4177 reete
1140 4109 1393 4195 Thuretus¹²)
1413 4114 1507 4190 vidis,
1535 4116 1567 4176 in
1590 4115 1693 4176 verbis
1718 4111 1767 4180 διό
1790 4111 1846 4181 τόν
1866 4110 1926 4201 μὲν
1948 4107 2096 4199 ἄρχοντα

352 4236 461 4303 τελέαν
487 4228 572 4316 ἔχειν
595 4237 645 4299 δεῖ
669 4228 725 4311 τὴν
753 4227 871 4311 demin
896 4227 1037 4315 ἀρετὴν.
1060 4277 1067 4294 .
1091 4275 1100 4294 .
1126 4231 1189 4298 τῶν
1214 4229 1241 4298 δ’
1262 4223 1371 4298 ἄλλων
1398 4223 1538 4298 ἕκαστον
1562 4224 1644 4298 όσον
1670 4229 1827 4318 ἐπιβάλλει
1849 4231 1958 4310 αὐτοῖς
1978 4231 2094 4309 1260·,

354 4353 490 4419 17-20
517 4372 575 4434 pre
603 4347 720 4430 demini
742 4368 813 4412 esse
842 4349 1101 4431 διανοητικὴν
1128 4352 1358 4413 restituendum
1378 4357 1541 4431 tutumque
1563 4351 1759 4413 enuntiatum
1781 4359 1854 4414 snte
1880 4347 1997 4436 ὁμοίως
2018 4353 2038 4414 Ι.
2057 4349 2097 4413 lt

353 4472 571 4546 treieieudnm,
593 4469 652 4532 sed
671 4469 753 4548 qued
771 4468 805 4529 in
827 4469 930 4531 verbis
949 4470 1152 4550 sequentibus
1173 4461 1255 4535 ὥστε
1274 4463 1414 4553 φανερόν
1431 4461 1479 4535 ότι
1502 4461 1588 4535 ἐστίν
1607 4465 1705 4549 ἠθικὴ
1726 4464 1819 4551 ἀρετὴ
1841 4455 1906 4534 τόν
1926 4467 2097 4554 είριμίνων

352 4593 492 4673 «όντων,
511 4583 569 4658 καλ
589 4585 655 4668 οὐχ,
675 4583 694 4666 ἡ
715 4581 798 4664 αὐτὴ
817 4585 1012 4671 σωφροσίνη
1034 4583 1194 4673 γυναικός
1214 4582 1271 4655 καί
1292 4583 1409 4672 ἀνδρός
1429 4613 1461 4653 κ
1476 4611 1503 4652 τ.
1518 4594 1550 4655 λ.
1574 4589 1596 4649 Ι.
1616 4584 1660 4649 20
1674 4603 1740 4666 sqq.
1759 4588 1848 4649 iubet
1869 4585 1969 4650 deleri
1988 4583 2097 4668 ἠθική,

353 4733 457 4780 rerem
479 4706 666 4772 emendsndi
686 4706 764 4768 viem
790 4711 1043 4786 praetergressus
1062 4714 1120 4771 est.
1163 4708 1233 4769 Neu
1255 4707 1339 4769 enim
1360 4706 1507 4766 virtutem
1529 4721 1600 4766 esse
1621 4705 1773 4780 emnium,
1794 4719 1871 4785 ques
1894 4704 2001 4768 sttuiit
2020 4705 2096 4767 sri-

354 4835 501 4905 steteies,
529 4825 629 4899 servi,
660 4824 765 4904 pueri,
794 4823 950 4899 mulieris,
976 4825 1051 4902 riri,
1077 4845 1116 4888 ex
1136 4827 1205 4888 eius
1224 4824 1494 4908 srgumeutstiene
1518 4823 1676 4903 seqnitur,
1701 4823 1758 4884 sed
1784 4840 1850 4884 nou
1872 4822 2004 4886 esndem
2026 4842 2096 4886 esse

523 5115 568 5182 17)
586 5115 617 5168 In
629 5118 648 5171 i.
668 5131 694 5183 p.
710 5117 740 5165 ie
752 5127 807 5182 sqq·
844 5109 914 5162 Idem
926 5113 1009 5165 neseio
1027 5128 1060 5164 sn
1078 5129 1129 5166 νον
1146 5115 1227 5165 minus
1244 5121 1311 5165 reete
1327 5125 1384 5164 enm
1402 5111 1495 5162 itemo
1516 5114 1610 5172 12606,
1628 5117 1644 5162 8
1661 5107 1744 5164 νλιλν
1761 5101 1794 5162 τό
1812 5107 1947 5174 sedpssn's,
1965 5125 2016 5174 quo
2029 5109 2098 5159 tunso

355 5201 407 5279 ydp
426 5205 472 5254 19
490 5216 541 5253 nen
558 5201 585 5250 in
604 5195 633 5251 u
650 5197 796 5249 meandum
820 5205 868 5258 est,
886 5205 915 5247 nt
931 5198 1047 5262 opinstss
1063 5215 1117 5252 snm
1135 5201 1162 5251 in
1179 5199 1246 5250 ides.
1264 5197 1416 5250 essen
1452 5213 1476 5263 p.
1497 5203 1554 5248 tot.
1588 5212 1613 5248 e.
1632 5201 1656 5248 2.
