4670 5824
1091 308 1345 384 ,14-

338 517 462 594 causam
483 527 609 612 politias
631 525 835 590 aristocratiis
860 543 927 589 esso
956 525 1141 591 stabiliores.
1185 524 1314 604 Quare
1342 523 1406 586 ianr
1433 522 1698 592 Sclrnitnerus
1719 525 1802 589 recte
1833 526 1965 590 offensus
1993 528 2100 608 11111)

339 647 491 712 Similiter
506 648 538 710 11
549 646 622 710 libri
644 645 781 727 quarti
806 645 906 726 capite
927 645 1105 728 septimo,
1128 644 1183 710 ubi
1193 642 1390 718 Aristoteles,
1403 643 1566 724 postquam
1584 644 1718 726 priorem
1738 644 1825 710 illam
1840 644 1878 710 de
1900 645 2101 709 aristocratiis

337 768 429 851 vrrlgo
452 768 511 830 hoc
530 765 655 830 nornine
675 764 837 847 appellatis
858 763 1030 829 doctrinam
1052 762 1192 846 protulit,
1214 761 1275 825 uisi
1297 759 1377 843 quod
1399 760 1532 824 alterum
1558 762 1602 830 ibi
1616 763 1758 828 adiunxit
1778 781 1884 848 genus,
1906 764 1938 828 in
1961 782 2021 846 quo
2035 765 2101 828 sola

335 886 526 954 democratia
547 903 617 948 cam
639 884 753 948 virtute
774 884 949 960 misceatur,
973 883 1154 947 summatim
1182 882 1257 946 haec
1280 881 1421 962 repetens
1451 881 1552 946 verbis
1581 881 1830 972 ἀριστοκρατίας
1851 883 1912 968 μὶν
1933 875 1992 950 οὖν
2013 885 2100 967 παρὰ

335 1007 394 1089 τὴν
415 1006 539 1093 προίτην
561 1003 616 1085 τὴν
638 1003 771 1089 αἰρίστηυ
794 1004 952 1070 πολιτείαν
974 1004 1076 1070 ταῦτα
1102 1002 1161 1069 δύο
1183 995 1260 1084 είδη,
1286 1001 1397 1078 12931),
1428 1000 1467 1064 18
1490 1019 1546 1082 sq„
1576 1001 1747 1069 clausulam
1775 1003 1907 1086 imponit
1928 1005 2100 1084 quaestioni

337 1126 375 1191 de
403 1127 461 1190 hac
484 1122 669 1206 reipublicae
697 1121 796 1186 forma
823 1123 985 1187 institutae
1016 1122 1056 1186 ad
1083 1121 1225 1205 politiam
1252 1120 1447 1196 transiturus,
1476 1119 1577 1190 subito
1608 1121 1641 1184 in
1667 1121 1888 1190 1111111111
1918 1124 2098 1200 adiciuntur,

336 1263 467 1329 quorum
487 1245 520 1308 iu
541 1243 609 1325 ipsa
631 1242 687 1306 illa
707 1243 886 1324 quaestione
907 1262 963 1307 nec
987 1241 1055 1307 vola
1075 1241 1217 1326 apparuit
1237 1258 1294 1305 111
1315 1239 1493 1323 vestigium,
1520 1239 1576 1307 καὶ
1600 1241 1702 1325 τρίτοι
1728 1237 1803 1312 ὅσαι
1826 1244 1880 1324 τῆς
1899 1247 2099 1329 καλουμένης

336 1365 491 1442 πολιτείας
512 1363 643 1450 ῥέπουσι
667 1354 748 1446 πρός
766 1361 822 1440 τὴν
837 1361 1034 1449 ὀλιγαρχίαν
1054 1362 1179 1447 μᾶλλον
1201 1363 1242 1444 (v.
1265 1359 1306 1422 20
1328 1360 1397 1443 sq.).
1441 1357 1526 1437 Quae
1553 1359 1644 1423 Verba
1666 1377 1738 1428 oum
1763 1361 1842 1426 mihi
1861 1365 1986 1446 propter
2006 1381 2098 1446 gene-

335 1485 438 1549 tivum
467 1483 513 1548 sic
540 1482 619 1546 uude
646 1480 820 1546 adhibitum
851 1480 1024 1564 displicent,
1050 1483 1086 1544 ut
1114 1483 1168 1544 aut
1196 1476 1258 1546 ἀπὸ
1281 1479 1476 1544 librariorum
1502 1478 1592 1562 culpa
1612 1478 1804 1548 intercidisse
1824 1483 1960 1547 statuam
1980 1483 2041 1558 aut,
2070 1484 2099 1546 si

336 1607 373 1683 is,
395 1605 448 1688 qui
462 1603 538 1668 haec
551 1600 684 1685 scripsit,
706 1600 965 1683 praepositionem
983 1620 1043 1666 non
1063 1598 1225 1676 addiderit,
1240 1601 1298 1664 hac
1313 1616 1432 1682 quoque
1447 1597 1479 1662 iu
1494 1616 1527 1660 ra
1541 1597 1771 1680 interpolatoris
1784 1619 1911 1668 manum
1926 1621 2099 1686 agnoscam,

336 1729 406 1788 tum
426 1725 533 1788 contra
553 1739 658 1786 eorum
680 1719 864 1802 opinionem,
887 1719 939 1800 qui
961 1720 1024 1784 tale
1046 1721 1126 1784 iuter
1147 1719 1357 1784 aristocratiae
1380 1722 1411 1784 et
1432 1717 1559 1800 politias
1581 1717 1747 1782 discrimen
1768 1721 1917 1797 statuunt
1947 1740 2018 1786 mox
2039 1722 2099 1786 ibi-

338 1845 409 1909 dem
430 1844 462 1908 in
484 1842 584 1925 capite
606 1841 713 1906 octavo
737 1839 802 1922 ipse
824 1842 940 1922 pugnat
961 1839 1147 1904 Aristoteles
1170 1855 1332 1921 veramque
1353 1855 1441 1902 suam
1460 1836 1631 1902 doctrinam
1652 1839 1759 1902 contra
1780 1857 1832 1904 eos
1855 1821 2099 1924 denuo’profert

336 1965 416 2048 llrgo
443 1965 607 2042 utrumque
635 1959 746 2035 locum,
777 1960 808 2046 pt
837 1959 946 2034 12931,
976 1960 1016 2022 20
1041 1977 1086 2040 sq.
1117 1958 1282 2034 1113971,
1309 1959 1443 2034 10-40,
1475 1956 1513 2020 ab
1543 1956 1605 2020 alio
1631 1957 1850 2040 interpolatum
1883 1979 1950 2033 1111
1982 1979 2100 2037 censeo,

337 2085 391 2167 qui
411 2081 531 2148 scilicet
553 2097 657 2146 voram
679 2077 789 2162 capitis
812 2079 898 2143 illius
921 2080 1023 2144 octavi
1044 2079 1230 2142 seutentiam
1250 2077 1339 2142 foeda
1367 2079 1475 2142 lacuna
1499 2075 1608 2152 12941,
1631 2075 1651 2138 9
1679 2077 1873 2144 obscuratam
1899 2099 1960 2148 non
1981 2081 2099 2162 perspi-

336 2205 428 2280 ceret,
450 2219 548 2283 neque
569 2218 641 2268 oum
663 2199 884 2263 Schlosscro
909 2198 1019 2275 13071,
1040 2198 1089 2261 13.
1112 2187 1379 2280 κα11111τούτῳ
1402 2197 1554 2260 inserente
1574 2195 1810 2278 discrepantiam
1828 2217 1894 2263 esse
1916 2198 2099 2268 leniendam.

337 2323 482 2386 Gotemm
496 2321 529 2384 in
543 2319 644 2384 verbis
657 2317 801 2402 μάλιστα
815 2315 848 2386 δὲ
862 2319 901 2384 τὰ
917 2317 993 2385 διίο·
1009 2317 1094 2404 λέγω
1109 2315 1143 2384 δὲ
1159 2317 1199 2383 τὰ
1211 2317 1271 2384 δύο
1286 2317 1388 2400 δῆμον
1405 2313 1461 2381 καί
1474 2315 1687 2402 ὀλιγαρχίαν·
1705 2319 1806 2384 ταῦτα
1821 2317 1890 2404 γὰρ
1901 2321 1937 2384 αί
1951 2318 2103 2388 πολιτεῖαί

336 2471 369 2507 τε
401 2443 564 2526 πειρῶνται
586 2440 743 2525 μιγνύναι
777 2435 834 2504 καί
866 2439 901 2502 αί
933 2435 1045 2504 πολλοὶ
1079 2439 1141 2502 τῶν
1173 2441 1384 2522 καλουμένων
1417 2435 1685 2520 ἀριστοκρατιῶν·
1719 2439 1907 2523 διαφέρουσι
1936 2438 2004 2526 γὰρ
2035 2439 2099 2504 τῶν

335 2557 583 2646 ὀνομαζομένου
603 2558 763 2624 πολιτειῶν
786 2559 821 2622 αί
842 2555 1080 2643 ἀριστοκρατίαι
1105 2554 1214 2642 τοιίτῳ,
1236 2555 1293 2626 καί
1315 2556 1369 2624 διὰ
1389 2555 1470 2622 τοῦτ’
1496 2554 1577 2621 εἰσὶν
1596 2555 1631 2620 αί
1651 2551 1711 2638 μὶν
1733 2545 1825 2634 ἧττον
1854 2559 1887 2622 αι’
1912 2555 1946 2624 δὲ
1972 2557 2099 2642 μᾶλλον

336 2680 464 2767 μόνιμοι
487 2676 610 2744 αὐτῶν·
631 2675 688 2751 τὰς
710 2675 777 2761 γὰρ
800 2676 1041 2751 α’ποκλίναυσας
1062 2677 1188 2761 μᾶλλον
1209 2677 1286 2762 πρὸς
1307 2675 1363 2758 τὴν
1384 2675 1582 2761 ὀλιγαρχίαν
1605 2673 1853 2759 ἀριστοκρατίας
1868 2677 2027 2746 καλοῦσιν
2041 2675 2101 2752 τὰς

336 2796 370 2866 δὲ
393 2796 470 2882 πρὸς
492 2795 526 2863 τὸ
548 2797 669 2878 πλῆθος
690 2793 861 2868 πολιτείας·
881 2794 987 2878 διόπερ
1007 2793 1245 2882 ἀσφαλέστεραι
1270 2797 1305 2861 αἱ
1326 2796 1468 2862 τοιαῦται
1491 2795 1553 2860 τῶν
1575 2793 1688 2879 ἑτέρων
1708 2793 1789 2861 εἰσίν
1810 2797 1850 2878 (v.
1876 2794 2022 2878 10-17.)
2042 2813 2099 2882 pro

337 2921 526 3001 διαφέρουσι
539 2916 607 3004 γὰρ
624 2918 665 3000 (1.
680 2915 743 2998 12.)
758 2910 952 2976 scribendum
964 2929 1030 2975 1111
1046 2910 1166 2976 videtur
1187 2915 1433 3000 διαφέρουσι
1457 2911 1506 2980 δὲ.
1540 2911 1622 2978 Nam
1646 2912 1728 2994 quod
1749 2914 1877 2996 politiae
1896 2913 2039 2978 differunt
2060 2915 2100 2982 ab

336 3033 538 3100 aristocratiis
562 3051 607 3111 eo,
627 3032 708 3115 quod
729 3032 768 3095 ad
790 3031 1011 3096 democratiam
1039 3031 1140 3113 magis
1166 3031 1318 3096 inclinant
1340 3033 1559 3114 proptereaque
1589 3031 1739 3097 firmiores
1769 3035 1850 3110 suut,
1872 3051 1934 3098 nou
1954 3033 2020 3096 tam
2040 3034 2102 3100 lioc

336 3155 470 3238 explicat
489 3152 592 3237 priora
616 3152 768 3219 ταῦτα-
783 3150 1035 3235 ἀριστοκρατιῶν
1057 3167 1149 3230 quam
1170 3150 1208 3226 ei,
1232 3150 1312 3231 quod
1335 3149 1451 3214 duabus
1473 3150 1522 3213 his
1544 3151 1653 3215 formis
1674 3170 1837 3217 commune
1859 3155 1916 3230 est,
1940 3152 2100 3218 democra-

334 3276 399 3340 tiae
420 3277 451 3338 11
473 3271 659 3357 eligarchiae
681 3269 898 3344 coniunctioni,
924 3268 957 3332 id
979 3269 1114 3350 opponit,
1144 3287 1203 3350 quo
1226 3269 1309 3333 inter
1329 3287 1362 3334 se
1385 3271 1456 3332 suut
1478 3267 1625 3332 diversae.
1675 3269 1742 3333 lam
1767 3273 1910 3336 secuntur
1932 3271 2100 3355 complura,

292 3419 297 3431 ·
337 3411 414 3476 quac
436 3391 533 3456 semel
553 3392 672 3456 motarn
694 3389 731 3454 de
758 3390 856 3454 totius
885 3387 946 3452 loci
968 3386 1086 3470 origine
1113 3387 1319 3471 suspicionem
1341 3389 1474 3472 augeant
1498 3389 1599 3472 magis
1621 3405 1713 3470 quam
1733 3389 1915 3456 diminuant.
1957 3391 2102 3456 Primum

337 3513 420 3576 enim
442 3513 474 3575 Ι111
501 3510 602 3576 verbis
623 3504 704 3586 ὀλως
725 3509 751 3576 δ’
776 3507 820 3592 ἐφ’
846 3506 994 3591 ὁπότερον
1016 3500 1059 3573 civ
1081 3508 1213 3596 ἐγκλίνῃ
1234 3507 1419 3592 ίηπολιτεία,
1440 3504 1487 3574 ἐπὶ
1510 3510 1611 3575 ταῦτα
1633 3509 1825 3595 μεθίσταται
1840 3559 1846 3574 .
1861 3557 1887 3574 ..
1909 3505 1977 3577 οἷον
1998 3510 2017 3590 ἡ
2038 3510 2101 3596 μὶν

335 3629 473 3699 πολιτεία
495 3632 538 3705 είς
558 3629 671 3712 δῆμον,
693 3626 923 3712 ἀριστοκρατία
947 3624 971 3692 δ’
997 3627 1039 3701 εἰς
1059 3625 1273 3713 ὀλιγαρχίαν·
1296 3618 1315 3706 ἢ
1337 3628 1380 3703 εἰς
1402 3625 1569 3708 τάναντία,
1592 3621 1660 3692 οἷον
1687 3627 1705 3709 ἡ
1726 3627 1786 3712 μἐν
1808 3629 2037 3716 ἀριστοκρατία
2057 3633 2102 3706 είς

336 3755 506 3838 δῆμον
528 3750 562 3814 αἱ
583 3745 617 3816 δὲ
639 3753 785 3814 πολιτεῖαι
807 3747 849 3821 εἰς
870 3743 1066 3831 ὀλιγαρχίαν
1088 3775 1119 3811 κ.
1143 3771 1168 3811 τ.
1191 3755 1231 3822 λι,
1252 3764 1280 3810 v.
1303 3746 1344 3808 20
1358 3745 1439 3820 -27,
1459 3746 1488 3809 si
1510 3747 1584 3827 quid
1605 3746 1703 3823 video,
1726 3750 1781 3813 11111
1797 3747 1896 3816 ἐνίοτε
1916 3747 1948 3816 δῖ
1965 3747 2022 3816 καί
2043 3767 2100 3832 pto

335 3867 354 3954 ἢ
376 3873 430 3934 aut
452 3862 470 3952 ἢ
492 3868 587 3932 etiarn
609 3867 642 3930 in
663 3865 764 3948 priore
783 3863 922 3928 membro
945 3863 1156 3946 expectamus:
1179 3863 1289 3928 deinde
1311 3881 1382 3928 cunr
1402 3867 1540 3948 proxime
1568 3869 1639 3949 post
1668 3866 1743 3930 hacc
1764 3868 1883 3953 συνέβη
1904 3867 1939 3936 sl
1959 3867 1994 3936 τὸ
2016 3871 2101 3954 εἰρη-

334 3993 434 4077 μένου
455 3989 489 4055 1ν
507 3985 650 4072 Θουρίοις
671 4005 699 4049 1.
724 3984 774 4048 27.
796 3983 946 4066 legautur,
968 3985 1002 4050 τὸ
1024 3985 1198 4071 εἰρημένου,
1221 3984 1283 4048 1111
1304 3984 1427 4064 excidit,
1450 3985 1489 4050 ad
1507 3986 1588 4068 quod
1603 3987 1730 4070 spectat,
1751 3987 1830 4052 nihil
1850 3987 1912 4052 nisi
1932 3989 2101 4054 transitum

335 4130 372 4175 er
389 4107 582 4174 aristocratia
603 4105 636 4168 in
657 4103 877 4168 democratiam
901 4102 1018 4167 factum
1044 4103 1218 4186 significare
1244 4106 1357 4189 potest,
1384 4123 1477 4187 quare
1504 4108 1657 4170 commate
1683 4107 1806 4172 tantum
1831 4107 1903 4172 ante
1924 4108 2043 4194 συνέβη
2066 4109 2100 4173 iu

336 4229 470 4294 11111111
489 4244 559 4290 mea
581 4224 764 4306 interpunxi,
788 4225 821 4288 at
841 4224 946 4307 inepta
968 4223 1017 4288 est
1044 4223 1118 4288 tulis
1146 4224 1291 4307 loquendi
1311 4226 1401 4302 ratio,
1429 4226 1575 4308 quoniam
1601 4229 1698 4308 neque
1721 4225 1758 4290 de
1780 4227 1838 4291 hac
1859 4227 1925 4292 sola
1945 4245 1979 4290 re
2000 4243 2101 4310 neque

336 4350 447 4414 ultimo
473 4347 540 4412 loco
570 4343 607 4408 de
637 4362 672 4407 aa
700 4361 800 4408 sermo
830 4343 938 4412 fuerat.
982 4341 1724 4431 111111111111111111111111σιινέβη11111
1755 4345 1994 4411 interciderunt:
2016 4350 2101 4413 certa

337 4466 488 4552 quomodo
513 4464 672 4546 sequentia
698 4458 739 4529 ἔτι
767 4463 820 4529 διὰ
851 4462 884 4529 τό
913 4463 1023 4537 παίσας
1051 4462 1109 4538 τὰς
1137 4460 1407 4548 ἀριστοκρατικὰς
1432 4463 1588 4539 πολιτείας
1613 4461 1832 4551 ὀλιγαρχικὰς
1863 4459 1943 4532 εἶναι
1972 4469 2101 4553 μᾶλλον

335 4587 578 4656 πλεονεκτοῦσιν
601 4586 630 4650 οἱ
654 4584 821 4670 γνώριμοι,
843 4577 912 4648 οἷον
938 4578 994 4650 καί
1021 4582 1055 4646 ἓν
1082 4581 1297 4665 Λακεδαίμονι
1321 4585 1364 4659 εἰς
1388 4583 1519 4671 ὀλίγους
1546 4585 1581 4649 αί
1602 4582 1710 4650 οὐσίαι
1732 4578 1895 4668 ἔρχονται·
1919 4584 1976 4652 καί
1998 4579 2100 4671 ἔξεστι

334 4714 433 4776 ποιεῒν
452 4699 471 4772 ὀ
493 4728 519 4770 τι
542 4695 585 4768 ὀιν
606 4705 725 4778 διέλωσι
747 4709 810 4778 τοῖς
831 4700 1005 4789 γνωρίμοις
1025 4701 1151 4786 μᾶλλον
1171 4698 1228 4767 καί
1251 4703 1396 4784 κηδεύειν
1416 4698 1478 4788 ὀτῳ
1499 4703 1664 4786 θέλουσιν,
1686 4703 1735 4770 διὸ
1751 4701 1807 4770 καί
1829 4705 1996 4790 ἠΛακρῶν
2010 4704 2102 4783 πόλις

334 4827 475 4898 ἀπώλετο
498 4825 536 4890 ἐκ
556 4823 609 4904 τῆς
633 4819 709 4906 πρὸς
729 4821 901 4888 Διονύσιον
922 4817 1061 4903 κηδείας,
1083 4811 1100 4887 ὀ
1123 4821 1158 4887 ἐν
1179 4821 1379 4908 δημοκρατίᾳ
1399 4822 1462 4890 οὐκ
1482 4815 1526 4890 dlv
1547 4822 1673 4908 ἐγένετο
1695 4821 1760 4889 οὐδ’
1787 4813 1830 4888 τίν
1851 4825 1886 4890 ἐν
1908 4823 2100 4910 ἀριστοκρα-

504 5117 547 5180 16)
566 5115 592 5166 Is
615 5116 680 5164 enirn
703 5115 728 5164 iu
752 5114 916 5164 translatione
939 5131 985 5165 sua
1004 5113 1156 5165 Germanica
1174 5111 1279 5165 adnotat
1297 5116 1373 5166 haec:
1393 5132 1436 5177 „es
1462 5118 1493 5167 ist
1518 5118 1694 5181 merkwllrdig,
1718 5119 1777 5168 dass
1802 5117 1952 5168 Aristoteles
1977 5120 2030 5170 hier
2052 5122 2103 5173 uas

332 5209 448 5258 11111111
465 5203 510 5254 des
527 5201 703 5269 peradulicheu
721 5199 845 5260 Warthes,
864 5201 910 5250 das
928 5215 955 5250 er
973 5209 1043 5252 ronst
1061 5201 1100 5251 alr
1120 5199 1329 5268 Hauptmerlrniel
1353 5203 1397 5253 der
1417 5201 1587 5254 Aristolrratie
1614 5205 1767 5266 1111111111,
1790 5221 1877 5256 1111111
1894 5205 1985 5268 Argon
2010 5206 2103 5260 llasw
